%% This BibTeX bibliography file was created using BibDesk.
%% http://bibdesk.sourceforge.net/


%% Created for David R. DeBoer at 2014-01-20 17:20:07 -0800 


%% Saved with string encoding Unicode (UTF-8) 

@ARTICLE{mesinger_furlanetto2007,
   author = {{Mesinger}, A. and {Furlanetto}, S.},
    title = "{Efficient Simulations of Early Structure Formation and Reionization}",
  journal = {\apj},
archivePrefix = "arXiv",
   eprint = {0704.0946},
 keywords = {Cosmology: Theory, Cosmology: Early Universe, Galaxies: Evolution, Galaxies: Formation, Galaxies: High-Redshift},
     year = 2007,
    month = nov,
   volume = 669,
    pages = {663-675},
      doi = {10.1086/521806},
   adsurl = {http://adsabs.harvard.edu/abs/2007ApJ...669..663M},
  adsnote = {Provided by the SAO/NASA Astrophysics Data System}
}


@ARTICLE{Faisst_et_al2014,
   author = {{Faisst}, A.~L. and {Capak}, P. and {Carollo}, C.~M. and {Scarlata}, C. and 
	{Scoville}, N.},
    title = "{Spectroscopic observation of Ly\$$\backslash$alpha\$ emitters at z\~{}7.7 and implications on re-ionization}",
  journal = {ArXiv e-prints},
archivePrefix = "arXiv",
   eprint = {1402.3604},
 primaryClass = "astro-ph.CO",
 keywords = {Astrophysics - Cosmology and Extragalactic Astrophysics},
     year = 2014,
    month = feb,
   adsurl = {http://adsabs.harvard.edu/abs/2014arXiv1402.3604F},
  adsnote = {Provided by the SAO/NASA Astrophysics Data System}
}

@ARTICLE{schenker_et_al2013,
   author = {{Schenker}, M.~A. and {Robertson}, B.~E. and {Ellis}, R.~S. and 
	{Ono}, Y. and {McLure}, R.~J. and {Dunlop}, J.~S. and {Koekemoer}, A. and 
	{Bowler}, R.~A.~A. and {Ouchi}, M. and {Curtis-Lake}, E. and 
	{Rogers}, A.~B. and {Schneider}, E. and {Charlot}, S. and {Stark}, D.~P. and 
	{Furlanetto}, S.~R. and {Cirasuolo}, M.},
    title = "{The UV Luminosity Function of Star-forming Galaxies via Dropout Selection at Redshifts z \~{} 7 and 8 from the 2012 Ultra Deep Field Campaign}",
  journal = {\apj},
archivePrefix = "arXiv",
   eprint = {1212.4819},
 primaryClass = "astro-ph.CO",
 keywords = {dark ages, reionization, first stars, galaxies: evolution, galaxies: formation},
     year = 2013,
    month = may,
   volume = 768,
      eid = {196},
    pages = {196},
      doi = {10.1088/0004-637X/768/2/196},
   adsurl = {http://adsabs.harvard.edu/abs/2013ApJ...768..196S},
  adsnote = {Provided by the SAO/NASA Astrophysics Data System}
}

@ARTICLE{ellis_et_al2013,
   author = {{Ellis}, R.~S. and {McLure}, R.~J. and {Dunlop}, J.~S. and {Robertson}, B.~E. and 
	{Ono}, Y. and {Schenker}, M.~A. and {Koekemoer}, A. and {Bowler}, R.~A.~A. and 
	{Ouchi}, M. and {Rogers}, A.~B. and {Curtis-Lake}, E. and {Schneider}, E. and 
	{Charlot}, S. and {Stark}, D.~P. and {Furlanetto}, S.~R. and 
	{Cirasuolo}, M.},
    title = "{The Abundance of Star-forming Galaxies in the Redshift Range 8.5-12: New Results from the 2012 Hubble Ultra Deep Field Campaign}",
  journal = {\apjl},
archivePrefix = "arXiv",
   eprint = {1211.6804},
 primaryClass = "astro-ph.CO",
 keywords = {dark ages, reionization, first stars, galaxies: evolution, galaxies: formation, galaxies: stellar content },
     year = 2013,
    month = jan,
   volume = 763,
      eid = {L7},
    pages = {L7},
      doi = {10.1088/2041-8205/763/1/L7},
   adsurl = {http://adsabs.harvard.edu/abs/2013ApJ...763L...7E},
  adsnote = {Provided by the SAO/NASA Astrophysics Data System}
}

@ARTICLE{oesch_et_al2013,
   author = {{Oesch}, P.~A. and {Bouwens}, R.~J. and {Illingworth}, G.~D. and 
	{Labb{\'e}}, I. and {Franx}, M. and {van Dokkum}, P.~G. and 
	{Trenti}, M. and {Stiavelli}, M. and {Gonzalez}, V. and {Magee}, D.
	},
    title = "{Probing the Dawn of Galaxies at z \~{} 9-12: New Constraints from HUDF12/XDF and CANDELS data}",
  journal = {\apj},
archivePrefix = "arXiv",
   eprint = {1301.6162},
 primaryClass = "astro-ph.CO",
 keywords = {galaxies: evolution, galaxies: high-redshift, galaxies: luminosity function, mass function},
     year = 2013,
    month = aug,
   volume = 773,
      eid = {75},
    pages = {75},
      doi = {10.1088/0004-637X/773/1/75},
   adsurl = {http://adsabs.harvard.edu/abs/2013ApJ...773...75O},
  adsnote = {Provided by the SAO/NASA Astrophysics Data System}
}

@ARTICLE{bolton_et_al2011,
   author = {{Bolton}, J.~S. and {Haehnelt}, M.~G. and {Warren}, S.~J. and 
	{Hewett}, P.~C. and {Mortlock}, D.~J. and {Venemans}, B.~P. and 
	{McMahon}, R.~G. and {Simpson}, C.},
    title = "{How neutral is the intergalactic medium surrounding the redshift z = 7.085 quasar ULAS J1120+0641?}",
  journal = {\mnras},
archivePrefix = "arXiv",
   eprint = {1106.6089},
 primaryClass = "astro-ph.CO",
 keywords = {dark ages, reionization, first stars, intergalactic medium, quasars: absorption lines},
     year = 2011,
    month = sep,
   volume = 416,
    pages = {L70-L74},
      doi = {10.1111/j.1745-3933.2011.01100.x},
   adsurl = {http://adsabs.harvard.edu/abs/2011MNRAS.416L..70B},
  adsnote = {Provided by the SAO/NASA Astrophysics Data System}
}

@ARTICLE{mesinger_et_al2012,
   author = {{Mesinger}, A. and {McQuinn}, M. and {Spergel}, D.~N.},
    title = "{The kinetic Sunyaev-Zel'dovich signal from inhomogeneous reionization: a parameter space study}",
  journal = {\mnras},
archivePrefix = "arXiv",
   eprint = {1112.1820},
 primaryClass = "astro-ph.CO",
 keywords = {galaxies: high-redshift, cosmic background radiation, dark ages, reionization, first stars, diffuse radiation, early Universe, large-scale structure of Universe},
     year = 2012,
    month = may,
   volume = 422,
    pages = {1403-1417},
      doi = {10.1111/j.1365-2966.2012.20713.x},
   adsurl = {http://adsabs.harvard.edu/abs/2012MNRAS.422.1403M},
  adsnote = {Provided by the SAO/NASA Astrophysics Data System}
}


@INPROCEEDINGS{dickinson_et_al2003,
   author = {{Dickinson}, M. and {Giavalisco}, M. and {GOODS Team}},
    title = "{The Great Observatories Origins Deep Survey}",
booktitle = {The Mass of Galaxies at Low and High Redshift},
     year = 2003,
   eprint = {astro-ph/0204213},
   editor = {{Bender}, R. and {Renzini}, A.},
    pages = {324},
      doi = {10.1007/10899892_78},
   adsurl = {http://adsabs.harvard.edu/abs/2003mglh.conf..324D},
  adsnote = {Provided by the SAO/NASA Astrophysics Data System}
}


@ARTICLE{sutter_et_al2014,
   author = {{Sutter}, P.~M. and {Wandelt}, B.~D. and {McEwen}, J.~D. and 
	{Bunn}, E.~F. and {Karakci}, A. and {Korotkov}, A. and {Timbie}, P. and 
	{Tucker}, G.~S. and {Zhang}, L.},
    title = "{Probabilistic image reconstruction for radio interferometers}",
  journal = {\mnras},
archivePrefix = "arXiv",
   eprint = {1309.1469},
 primaryClass = "astro-ph.IM",
 keywords = {instrumentation: interferometers, methods: data analysis, methods: statistical},
     year = 2014,
    month = feb,
   volume = 438,
    pages = {768-778},
      doi = {10.1093/mnras/stt2244},
   adsurl = {http://adsabs.harvard.edu/abs/2014MNRAS.438..768S},
  adsnote = {Provided by the SAO/NASA Astrophysics Data System}
}


@ARTICLE{gong_et_al2013,
   author = {{Gong}, Y. and {Cooray}, A. and {Santos}, M.~G.},
    title = "{Probing the Pre-reionization Epoch with Molecular Hydrogen Intensity Mapping}",
  journal = {\apj},
archivePrefix = "arXiv",
   eprint = {1212.2964},
 primaryClass = "astro-ph.CO",
 keywords = {cosmology: theory, diffuse radiation, intergalactic medium, large-scale structure of universe},
     year = 2013,
    month = may,
   volume = 768,
      eid = {130},
    pages = {130},
      doi = {10.1088/0004-637X/768/2/130},
   adsurl = {http://adsabs.harvard.edu/abs/2013ApJ...768..130G},
  adsnote = {Provided by the SAO/NASA Astrophysics Data System}
}

@ARTICLE{sarkar_et_al2009,
   author = {{Guha Sarkar}, T. and {Datta}, K.~K. and {Bharadwaj}, S.},
    title = "{The CMBR ISW and HI 21 cm cross-correlation angular power spectrum}",
  journal = {\jcap},
archivePrefix = "arXiv",
   eprint = {0810.3649},
     year = 2009,
    month = aug,
   volume = 8,
      eid = {019},
    pages = {19},
      doi = {10.1088/1475-7516/2009/08/019},
   adsurl = {http://adsabs.harvard.edu/abs/2009JCAP...08..019G},
  adsnote = {Provided by the SAO/NASA Astrophysics Data System}
}

@ARTICLE{meerburg_et_al2013,
   author = {{Meerburg}, P.~D. and {Dvorkin}, C. and {Spergel}, D.~N.},
    title = "{Probing Patchy Reionization through {$\tau$}-21{\nbsp}cm Correlation Statistics}",
  journal = {\apj},
archivePrefix = "arXiv",
   eprint = {1303.3887},
 primaryClass = "astro-ph.CO",
 keywords = {cosmic background radiation, cosmological parameters, cosmology: theory, dark ages, reionization, first stars },
     year = 2013,
    month = dec,
   volume = 779,
      eid = {124},
    pages = {124},
      doi = {10.1088/0004-637X/779/2/124},
   adsurl = {http://adsabs.harvard.edu/abs/2013ApJ...779..124M},
  adsnote = {Provided by the SAO/NASA Astrophysics Data System}
}

@ARTICLE{2013arXiv1309.2295P,
   author = {{Pullen}, A. and {Dore}, O. and {Bock}, J.},
    title = "{Intensity Mapping across Cosmic Times with the Lyman-Alpha Line}",
  journal = {ArXiv e-prints},
archivePrefix = "arXiv",
   eprint = {1309.2295},
 primaryClass = "astro-ph.CO",
 keywords = {Astrophysics - Cosmology and Extragalactic Astrophysics},
     year = 2013,
    month = sep,
   adsurl = {http://adsabs.harvard.edu/abs/2013arXiv1309.2295P},
  adsnote = {Provided by the SAO/NASA Astrophysics Data System}
}

@ARTICLE{pullen_et_al2013,
   author = {{Pullen}, A.~R. and {Chang}, T.-C. and {Dor{\'e}}, O. and {Lidz}, A.
	},
    title = "{Cross-correlations as a Cosmological Carbon Monoxide Detector}",
  journal = {\apj},
archivePrefix = "arXiv",
   eprint = {1211.1397},
 primaryClass = "astro-ph.CO",
 keywords = {cosmology: observations, diffuse radiation, intergalactic medium, large-scale structure of universe },
     year = 2013,
    month = may,
   volume = 768,
      eid = {15},
    pages = {15},
      doi = {10.1088/0004-637X/768/1/15},
   adsurl = {http://adsabs.harvard.edu/abs/2013ApJ...768...15P},
  adsnote = {Provided by the SAO/NASA Astrophysics Data System}
}

@ARTICLE{suginohara_et_al1999,
   author = {{Suginohara}, M. and {Suginohara}, T. and {Spergel}, D.~N.},
    title = "{Detecting z{\gt}10 Objects through Carbon, Nitrogen, and Oxygen Emission Lines}",
  journal = {\apj},
   eprint = {astro-ph/9803236},
 keywords = {COSMOLOGY: THEORY, COSMOLOGY: EARLY UNIVERSE, GALAXIES: FORMATION, GALAXIES: INTERGALACTIC MEDIUM, RADIO LINES: GENERAL},
     year = 1999,
    month = feb,
   volume = 512,
    pages = {547-552},
      doi = {10.1086/306787},
   adsurl = {http://adsabs.harvard.edu/abs/1999ApJ...512..547S},
  adsnote = {Provided by the SAO/NASA Astrophysics Data System}
}


@ARTICLE{visbal_and_loeb2010,
   author = {{Visbal}, E. and {Loeb}, A.},
    title = "{Measuring the 3D clustering of undetected galaxies through cross correlation of their cumulative flux fluctuations from multiple spectral lines}",
  journal = {\jcap},
archivePrefix = "arXiv",
   eprint = {1008.3178},
 primaryClass = "astro-ph.CO",
     year = 2010,
    month = nov,
   volume = 11,
      eid = {016},
    pages = {16},
      doi = {10.1088/1475-7516/2010/11/016},
   adsurl = {http://adsabs.harvard.edu/abs/2010JCAP...11..016V},
  adsnote = {Provided by the SAO/NASA Astrophysics Data System}
}

@ARTICLE{visbal_et_al2012,
   author = {{Visbal}, E. and {Barkana}, R. and {Fialkov}, A. and {Tseliakhovich}, D. and 
	{Hirata}, C.~M.},
    title = "{The signature of the first stars in atomic hydrogen at redshift 20}",
  journal = {\nat},
archivePrefix = "arXiv",
   eprint = {1201.1005},
 primaryClass = "astro-ph.CO",
     year = 2012,
    month = jul,
   volume = 487,
    pages = {70-73},
      doi = {10.1038/nature11177},
   adsurl = {http://adsabs.harvard.edu/abs/2012Natur.487...70V},
  adsnote = {Provided by the SAO/NASA Astrophysics Data System}
}


@ARTICLE{2010ApJ...714..699W,
   author = {{Wang}, R. and {Carilli}, C.~L. and {Neri}, R. and {Riechers}, D.~A. and 
	{Wagg}, J. and {Walter}, F. and {Bertoldi}, F. and {Menten}, K.~M. and 
	{Omont}, A. and {Cox}, P. and {Fan}, X.},
    title = "{Molecular Gas in z \~{} 6 Quasar Host Galaxies}",
  journal = {\apj},
archivePrefix = "arXiv",
   eprint = {1002.1561},
 primaryClass = "astro-ph.CO",
 keywords = {galaxies: active, galaxies: high-redshift, galaxies: starburst, molecular data, radio lines: galaxies},
     year = 2010,
    month = may,
   volume = 714,
    pages = {699-712},
      doi = {10.1088/0004-637X/714/1/699},
   adsurl = {http://adsabs.harvard.edu/abs/2010ApJ...714..699W},
  adsnote = {Provided by the SAO/NASA Astrophysics Data System}
}

%%% 

@ARTICLE{pober_et_al2014,
   author = {{Pober}, J.~C. and {Liu}, A. and {Dillon}, J.~S. and {Aguirre}, J.~E. and 
	{Bowman}, J.~D. and {Bradley}, R.~F. and {Carilli}, C.~L. and 
	{DeBoer}, D.~R. and {Hewitt}, J.~N. and {Jacobs}, D.~C. and 
	{McQuinn}, M. and {Morales}, M.~F. and {Parsons}, A.~R. and 
	{Tegmark}, M. and {Werthimer}, D.~J.},
    title = "{What Next-generation 21 cm Power Spectrum Measurements can Teach us About the Epoch of Reionization}",
  journal = {\apj},
archivePrefix = "arXiv",
   eprint = {1310.7031},
 primaryClass = "astro-ph.CO",
 keywords = {dark ages, reionization, first stars, techniques: interferometric },
     year = 2014,
    month = feb,
   volume = 782,
      eid = {66},
    pages = {66},
      doi = {10.1088/0004-637X/782/2/66},
   adsurl = {http://adsabs.harvard.edu/abs/2014ApJ...782...66P},
  adsnote = {Provided by the SAO/NASA Astrophysics Data System}
}


@article{zahn_et_al2012,
	Adsnote = {Provided by the SAO/NASA Astrophysics Data System},
	Adsurl = {http://adsabs.harvard.edu/abs/2012ApJ...756...65Z},
	Archiveprefix = {arXiv},
	Author = {{Zahn}, O. and {Reichardt}, C.~L. and {Shaw}, L. and {Lidz}, A. and {Aird}, K.~A. and {Benson}, B.~A. and {Bleem}, L.~E. and {Carlstrom}, J.~E. and {Chang}, C.~L. and {Cho}, H.~M. and {Crawford}, T.~M. and {Crites}, A.~T. and {de Haan}, T. and {Dobbs}, M.~A. and {Dor{\'e}}, O. and {Dudley}, J. and {George}, E.~M. and {Halverson}, N.~W. and {Holder}, G.~P. and {Holzapfel}, W.~L. and {Hoover}, S. and {Hou}, Z. and {Hrubes}, J.~D. and {Joy}, M. and {Keisler}, R. and {Knox}, L. and {Lee}, A.~T. and {Leitch}, E.~M. and {Lueker}, M. and {Luong-Van}, D. and {McMahon}, J.~J. and {Mehl}, J. and {Meyer}, S.~S. and {Millea}, M. and {Mohr}, J.~J. and {Montroy}, T.~E. and {Natoli}, T. and {Padin}, S. and {Plagge}, T. and {Pryke}, C. and {Ruhl}, J.~E. and {Schaffer}, K.~K. and {Shirokoff}, E. and {Spieler}, H.~G. and {Staniszewski}, Z. and {Stark}, A.~A. and {Story}, K. and {van Engelen}, A. and {Vanderlinde}, K. and {Vieira}, J.~D. and {Williamson}, R.},
	Date-Added = {2013-09-12 16:44:34 +0000},
	Date-Modified = {2013-09-12 16:44:34 +0000},
	Doi = {10.1088/0004-637X/756/1/65},
	Eid = {65},
	Eprint = {1111.6386},
	Journal = {\apj},
	Keywords = {cosmology: theory, intergalactic medium, large-scale structure of universe},
	Month = sep,
	Pages = {65},
	Primaryclass = {astro-ph.CO},
	Title = {{Cosmic Microwave Background Constraints on the Duration and Timing of Reionization from the South Pole Telescope}},
	Volume = 756,
	Year = 2012,
	Bdsk-Url-1 = {http://dx.doi.org/10.1088/0004-637X/756/1/65}}

@article{tingay_et_al2013,
	Adsnote = {Provided by the SAO/NASA Astrophysics Data System},
	Adsurl = {http://adsabs.harvard.edu/abs/2013PASA...30....7T},
	Archiveprefix = {arXiv},
	Author = {{Tingay}, S.~J. and {Goeke}, R. and {Bowman}, J.~D. and {Emrich}, D. and {Ord}, S.~M. and {Mitchell}, D.~A. and {Morales}, M.~F. and {Booler}, T. and {Crosse}, B. and {Wayth}, R.~B. and {Lonsdale}, C.~J. and {Tremblay}, S. and {Pallot}, D. and {Colegate}, T. and {Wicenec}, A. and {Kudryavtseva}, N. and {Arcus}, W. and {Barnes}, D. and {Bernardi}, G. and {Briggs}, F. and {Burns}, S. and {Bunton}, J.~D. and {Cappallo}, R.~J. and {Corey}, B.~E. and {Deshpande}, A. and {Desouza}, L. and {Gaensler}, B.~M. and {Greenhill}, L.~J. and {Hall}, P.~J. and {Hazelton}, B.~J. and {Herne}, D. and {Hewitt}, J.~N. and {Johnston-Hollitt}, M. and {Kaplan}, D.~L. and {Kasper}, J.~C. and {Kincaid}, B.~B. and {Koenig}, R. and {Kratzenberg}, E. and {Lynch}, M.~J. and {Mckinley}, B. and {Mcwhirter}, S.~R. and {Morgan}, E. and {Oberoi}, D. and {Pathikulangara}, J. and {Prabu}, T. and {Remillard}, R.~A. and {Rogers}, A.~E.~E. and {Roshi}, A. and {Salah}, J.~E. and {Sault}, R.~J. and {Udaya-Shankar}, N. and {Schlagenhaufer},
 F. and {Srivani}, K.~S. and {Stevens}, J. and {Subrahmanyan}, R. and {Waterson}, M. and {Webster}, R.~L. and {Whitney}, A.~R. and {Williams}, A. and {Williams}, C.~L. and {Wyithe}, J.~S.~B.},
	Date-Added = {2013-09-12 16:44:07 +0000},
	Date-Modified = {2013-09-12 16:44:07 +0000},
	Doi = {10.1017/pasa.2012.007},
	Eid = {e007},
	Eprint = {1206.6945},
	Journal = {\pasa},
	Keywords = {instrumentation: interferometers, techniques: image processing, techniques: interferometric, radio continuum: general, radio lines: general, early Universe},
	Month = jan,
	Pages = {7},
	Primaryclass = {astro-ph.IM},
	Title = {{The Murchison Widefield Array: The Square Kilometre Array Precursor at Low Radio Frequencies}},
	Volume = 30,
	Year = 2013,
	Bdsk-Url-1 = {http://dx.doi.org/10.1017/pasa.2012.007}}

@article{sullivan_et_al2012,
	Adsnote = {Provided by the SAO/NASA Astrophysics Data System},
	Adsurl = {http://adsabs.harvard.edu/abs/2012ApJ...759...17S},
	Archiveprefix = {arXiv},
	Author = {{Sullivan}, I.~S. and {Morales}, M.~F. and {Hazelton}, B.~J. and {Arcus}, W. and {Barnes}, D. and {Bernardi}, G. and {Briggs}, F.~H. and {Bowman}, J.~D. and {Bunton}, J.~D. and {Cappallo}, R.~J. and {Corey}, B.~E. and {Deshpande}, A. and {deSouza}, L. and {Emrich}, D. and {Gaensler}, B.~M. and {Goeke}, R. and {Greenhill}, L.~J. and {Herne}, D. and {Hewitt}, J.~N. and {Johnston-Hollitt}, M. and {Kaplan}, D.~L. and {Kasper}, J.~C. and {Kincaid}, B.~B. and {Koenig}, R. and {Kratzenberg}, E. and {Lonsdale}, C.~J. and {Lynch}, M.~J. and {McWhirter}, S.~R. and {Mitchell}, D.~A. and {Morgan}, E. and {Oberoi}, D. and {Ord}, S.~M. and {Pathikulangara}, J. and {Prabu}, T. and {Remillard}, R.~A. and {Rogers}, A.~E.~E. and {Roshi}, A. and {Salah}, J.~E. and {Sault}, R.~J. and {Udaya Shankar}, N. and {Srivani}, K.~S. and {Stevens}, J. and {Subrahmanyan}, R. and {Tingay}, S.~J. and {Wayth}, R.~B. and {Waterson}, M. and {Webster}, R.~L. and {Whitney}, A.~R. and {Williams}, A. and {Williams}, C.~L. and {Wyithe}, 
J.~S.~B.},
	Date-Added = {2013-09-12 16:43:46 +0000},
	Date-Modified = {2013-09-12 16:43:46 +0000},
	Doi = {10.1088/0004-637X/759/1/17},
	Eid = {17},
	Eprint = {1209.1653},
	Journal = {\apj},
	Keywords = {dark ages, reionization, first stars, techniques: image processing, techniques: interferometric},
	Month = nov,
	Pages = {17},
	Primaryclass = {astro-ph.IM},
	Title = {{Fast Holographic Deconvolution: A New Technique for Precision Radio Interferometry}},
	Volume = 759,
	Year = 2012,
	Bdsk-Url-1 = {http://dx.doi.org/10.1088/0004-637X/759/1/17}}

@article{lonsdale_et_al2009,
	Adsnote = {Provided by the SAO/NASA Astrophysics Data System},
	Adsurl = {http://adsabs.harvard.edu/abs/2009IEEEP..97.1497L},
	Archiveprefix = {arXiv},
	Author = {{Lonsdale}, C.~J. and {Cappallo}, R.~J. and {Morales}, M.~F. and {Briggs}, F.~H. and {Benkevitch}, L. and {Bowman}, J.~D. and {Bunton}, J.~D. and {Burns}, S. and {Corey}, B.~E. and {Desouza}, L. and {Doeleman}, S.~S. and {Derome}, M. and {Deshpande}, A. and {Gopala}, M.~R. and {Greenhill}, L.~J. and {Herne}, D.~E. and {Hewitt}, J.~N. and {Kamini}, P.~A. and {Kasper}, J.~C. and {Kincaid}, B.~B. and {Kocz}, J. and {Kowald}, E. and {Kratzenberg}, E. and {Kumar}, D. and {Lynch}, M.~J. and {Madhavi}, S. and {Matejek}, M. and {Mitchell}, D.~A. and {Morgan}, E. and {Oberoi}, D. and {Ord}, S. and {Pathikulangara}, J. and {Prabu}, T. and {Rogers}, A. and {Roshi}, A. and {Salah}, J.~E. and {Sault}, R.~J. and {Shankar}, N.~U. and {Srivani}, K.~S. and {Stevens}, J. and {Tingay}, S. and {Vaccarella}, A. and {Waterson}, M. and {Wayth}, R.~B. and {Webster}, R.~L. and {Whitney}, A.~R. and {Williams}, A. and {Williams}, C.},
	Date-Added = {2013-09-12 16:43:15 +0000},
	Date-Modified = {2013-09-12 16:43:15 +0000},
	Doi = {10.1109/JPROC.2009.2017564},
	Eprint = {0903.1828},
	Journal = {IEEE Proceedings},
	Month = aug,
	Pages = {1497-1506},
	Primaryclass = {astro-ph.IM},
	Title = {{The Murchison Widefield Array: Design Overview}},
	Volume = 97,
	Year = 2009,
	Bdsk-Url-1 = {http://dx.doi.org/10.1109/JPROC.2009.2017564}}

@book{arrl1988,
	Chapter = {18},
	Editor = {{Hall}, G.},
	Pages = {16},
	Publisher = {American Radio Relay League, Newington, Connecticut, 1988.},
	Title = {{The ARRL Antenna Book, 15th Edition}},
	Year = 1988}

@article{baars_et_al1977,
	Adsnote = {Provided by the SAO/NASA Astrophysics Data System},
	Adsurl = {http://adsabs.harvard.edu/abs/1977A%26A....61...99B},
	Author = {{Baars}, J.~W.~M. and {Genzel}, R. and {Pauliny-Toth}, I.~I.~K. and {Witzel}, A.},
	Journal = {\aap},
	Month = oct,
	Pages = {99-106},
	Title = {{The absolute spectrum of CAS A - an accurate flux density scale and a set of secondary calibrators}},
	Volume = 61,
	Year = 1977}

@article{barkana_loeb2005a,
	Adsnote = {Provided by the SAO/NASA Astrophysics Data System},
	Adsurl = {http://adsabs.harvard.edu/abs/2005ApJ...624L..65B},
	Author = {{Barkana}, R. and {Loeb}, A.},
	Doi = {10.1086/430599},
	Eprint = {arXiv:astro-ph/0409572},
	Journal = {\apjl},
	Month = may,
	Pages = {L65-L68},
	Title = {{A Method for Separating the Physics from the Astrophysics of High-Redshift 21 Centimeter Fluctuations}},
	Volume = 624,
	Year = 2005,
	Bdsk-Url-1 = {http://dx.doi.org/10.1086/430599}}

@article{barkana_loeb2005b,
	Adsnote = {Provided by the SAO/NASA Astrophysics Data System},
	Adsurl = {http://adsabs.harvard.edu/abs/2005ApJ...626....1B},
	Author = {{Barkana}, R. and {Loeb}, A.},
	Doi = {10.1086/429954},
	Eprint = {arXiv:astro-ph/0410129},
	Journal = {\apj},
	Month = jun,
	Pages = {1-11},
	Title = {{Detecting the Earliest Galaxies through Two New Sources of 21 Centimeter Fluctuations}},
	Volume = 626,
	Year = 2005,
	Bdsk-Url-1 = {http://dx.doi.org/10.1086/429954}}

@article{becker_et_al2001,
	Adsnote = {Provided by the SAO/NASA Astrophysics Data System},
	Adsurl = {http://adsabs.harvard.edu/abs/2001AJ....122.2850B},
	Author = {{Becker}, R.~H. and {Fan}, X. and {White}, R.~L. and {Strauss}, M.~A. and {Narayanan}, V.~K. and {Lupton}, R.~H. and {Gunn}, J.~E. and {Annis}, J. and {Bahcall}, N.~A. and {Brinkmann}, J. and {Connolly}, A.~J. and {Csabai}, I. and {Czarapata}, P.~C. and {Doi}, M. and {Heckman}, T.~M. and {Hennessy}, G.~S. and {Ivezi{\'c}}, {\v Z}. and {Knapp}, G.~R. and {Lamb}, D.~Q. and {McKay}, T.~A. and {Munn}, J.~A. and {Nash}, T. and {Nichol}, R. and {Pier}, J.~R. and {Richards}, G.~T. and {Schneider}, D.~P. and {Stoughton}, C. and {Szalay}, A.~S. and {Thakar}, A.~R. and {York}, D.~G.},
	Doi = {10.1086/324231},
	Eprint = {arXiv:astro-ph/0108097},
	Journal = {\aj},
	Month = dec,
	Pages = {2850-2857},
	Title = {{Evidence for Reionization at z\~{}6: Detection of a Gunn-Peterson Trough in a z=6.28 Quasar}},
	Volume = 122,
	Year = 2001,
	Bdsk-Url-1 = {http://dx.doi.org/10.1086/324231}}

@article{bernardi_et_al2010,
	Adsnote = {Provided by the SAO/NASA Astrophysics Data System},
	Adsurl = {http://adsabs.harvard.edu/abs/2010A%26A...522A..67B},
	Archiveprefix = {arXiv},
	Author = {{Bernardi}, G. and {de Bruyn}, A.~G. and {Harker}, G. and {Brentjens}, M.~A. and {Ciardi}, B. and {Jeli{\'c}}, V. and {Koopmans}, L.~V.~E. and {Labropoulos}, P. and {Offringa}, A. and {Pandey}, V.~N. and {Schaye}, J. and {Thomas}, R.~M. and {Yatawatta}, S. and {Zaroubi}, S.},
	Doi = {10.1051/0004-6361/200913420},
	Eprint = {1002.4177},
	Journal = {\aap},
	Keywords = {polarization, diffuse radiation, cosmology: observations, ISM: general},
	Month = nov,
	Pages = {A67+},
	Primaryclass = {astro-ph.CO},
	Title = {{Foregrounds for observations of the cosmological 21 cm line. II. Westerbork observations of the fields around 3C 196 and the North Celestial Pole}},
	Volume = 522,
	Year = 2010,
	Bdsk-Url-1 = {http://dx.doi.org/10.1051/0004-6361/200913420}}

@article{bhatnagar_et_al2008,
	Adsnote = {Provided by the SAO/NASA Astrophysics Data System},
	Adsurl = {http://ads.ari.uni-heidelberg.de/abs/2008A%26A...487..419B},
	Author = {{Bhatnagar}, S. and {Cornwell}, T.~J. and {Golap}, K. and {Uson}, J.~M.},
	Doi = {10.1051/0004-6361:20079284},
	Eprint = {arXiv:0805.0834},
	Journal = {\aap},
	Month = aug,
	Pages = {419-429},
	Title = {{Correcting direction-dependent gains in the deconvolution of radio interferometric images}},
	Volume = 487,
	Year = 2008,
	Bdsk-Url-1 = {http://dx.doi.org/10.1051/0004-6361:20079284}}

@book{blackman_tukey1958,
	Author = {Blackman, R.~B. and Tukey, J.~W.},
	Publisher = {Dover Publications Inc.},
	Title = {The measurement of power spectra},
	Year = 1958}

@article{bowman_et_al2007b,
	Adsnote = {Provided by the SAO/NASA Astrophysics Data System},
	Adsurl = {http://adsabs.harvard.edu/abs/2007ApJ...661....1B},
	Author = {{Bowman}, J.~D. and {Morales}, M.~F. and {Hewitt}, J.~N.},
	Doi = {10.1086/516560},
	Eprint = {arXiv:astro-ph/0512262},
	Journal = {\apj},
	Month = may,
	Pages = {1-9},
	Title = {{Constraints on Fundamental Cosmological Parameters with Upcoming Redshifted 21 cm Observations}},
	Volume = 661,
	Year = 2007,
	Bdsk-Url-1 = {http://dx.doi.org/10.1086/516560}}

@article{bowman_et_al2008a,
	Adsnote = {Provided by the SAO/NASA Astrophysics Data System},
	Adsurl = {http://adsabs.harvard.edu/abs/2008ApJ...676....1B},
	Archiveprefix = {arXiv},
	Author = {{Bowman}, J.~D. and {Rogers}, A.~E.~E. and {Hewitt}, J.~N.},
	Doi = {10.1086/528675},
	Eprint = {0710.2541},
	Journal = {\apj},
	Month = mar,
	Pages = {1-9},
	Title = {{Toward Empirical Constraints on the Global Redshifted 21 cm Brightness Temperature During the Epoch of Reionization}},
	Volume = 676,
	Year = 2008,
	Bdsk-Url-1 = {http://dx.doi.org/10.1086/528675}}

@article{bowman_et_al2009,
	Adsnote = {Provided by the SAO/NASA Astrophysics Data System},
	Adsurl = {http://adsabs.harvard.edu/abs/2009ApJ...695..183B},
	Archiveprefix = {arXiv},
	Author = {{Bowman}, J.~D. and {Morales}, M.~F. and {Hewitt}, J.~N.},
	Doi = {10.1088/0004-637X/695/1/183},
	Eprint = {0807.3956},
	Journal = {\apj},
	Keywords = {early universe, intergalactic medium, methods: data analysis, radio lines: general, techniques: interferometric},
	Month = apr,
	Pages = {183-199},
	Title = {{Foreground Contamination in Interferometric Measurements of the Redshifted 21 cm Power Spectrum}},
	Volume = 695,
	Year = 2009,
	Bdsk-Url-1 = {http://dx.doi.org/10.1088/0004-637X/695/1/183}}

@article{bowman_et_al2006,
	Adsnote = {Provided by the SAO/NASA Astrophysics Data System},
	Adsurl = {http://adsabs.harvard.edu/abs/2006ApJ...638...20B},
	Author = {{Bowman}, J.~D. and {Morales}, M.~F. and {Hewitt}, J.~N.},
	Doi = {10.1086/498703},
	Eprint = {arXiv:astro-ph/0507357},
	Journal = {\apj},
	Month = feb,
	Pages = {20-26},
	Title = {{The Sensitivity of First-Generation Epoch of Reionization Observatories and Their Potential for Differentiating Theoretical Power Spectra}},
	Volume = 638,
	Year = 2006,
	Bdsk-Url-1 = {http://dx.doi.org/10.1086/498703}}

@article{bowman_et_al2007a,
	Adsnote = {Provided by the SAO/NASA Astrophysics Data System},
	Adsurl = {http://adsabs.harvard.edu/abs/2007AJ....133.1505B},
	Author = {{Bowman}, J.~D. and {Barnes}, D.~G. and {Briggs}, F.~H. and {Corey}, B.~E. and {Lynch}, M.~J. and {Bhat}, N.~D.~R. and {Cappallo}, R.~J. and {Doeleman}, S.~S. and {Fanous}, B.~J. and {Herne}, D. and {Hewitt}, J.~N. and {Johnston}, C. and {Kasper}, J.~C. and {Kocz}, J. and {Kratzenberg}, E. and {Lonsdale}, C.~J. and {Morales}, M.~F. and {Oberoi}, D. and {Salah}, J.~E. and {Stansby}, B. and {Stevens}, J. and {Torr}, G. and {Wayth}, R. and {Webster}, R.~L. and {Wyithe}, J.~S.~B.},
	Doi = {10.1086/511068},
	Eprint = {arXiv:astro-ph/0611751},
	Journal = {\aj},
	Month = apr,
	Pages = {1505-1518},
	Title = {{Field Deployment of Prototype Antenna Tiles for the Mileura Widefield Array Low Frequency Demonstrator}},
	Volume = 133,
	Year = 2007,
	Bdsk-Url-1 = {http://dx.doi.org/10.1086/511068}}

@techreport{bradley2006,
	Address = {http://www.gb.nrao.edu/electronics/edir},
	Author = {{Bradley}, R.},
	Number = 317,
	Title = {{A Low Cost Screened Enclosure for Effective Control of Undesired Radio Frequency Emissions}},
	Type = {NRAO EDIR},
	Year = 2006}

@inproceedings{bradley_et_al2005,
	Adsnote = {Provided by the Smithsonian/NASA Astrophysics Data System},
	Adsurl = {http://adsabs.harvard.edu/cgi-bin/nph-bib_query?bibcode=2005AAS...207.3301B&db_key=AST},
	Author = {{Bradley}, R. and {Backer}, D. and {Parsons}, A. and {Parashare}, C. and {Gugliucci}, N.~E.},
	Booktitle = {Bulletin of the American Astronomical Society},
	Month = dec,
	Pages = {1216-+},
	Title = {{PAPER: A Precision Array to Probe the Epoch of Reionization}},
	Volume = 37,
	Year = 2005}

@article{bradley_et_al2008,
	Author = {{Bradley}, R. and {Parashare}, C. and {Gugliucci}, N. and {Mastrantonio}, E. and {Backer}, D.~C. and {Parsons}, A. and {Foster}, G. and {Manley}, J. and {Herne}, D. and {Lynch}, M. and {Wright}, M. and {Werthimer}, D. and {Carilli}, C. and {Datta}, A. and {Aguirre}, J.},
	Month = {Forthcoming},
	Title = {{Analog System Design for Detecting Reionization: Results from 4 and 8-Antenna Deployments of the PAPER Array}},
	Year = {2008}}

@article{brentjens_debruyn2005,
	Adsnote = {Provided by the SAO/NASA Astrophysics Data System},
	Adsurl = {http://adsabs.harvard.edu/abs/2005A%26A...441.1217B},
	Author = {{Brentjens}, M.~A. and {de Bruyn}, A.~G.},
	Doi = {10.1051/0004-6361:20052990},
	Eprint = {arXiv:astro-ph/0507349},
	Journal = {\aap},
	Keywords = {methods: data analysis, techniques: polarimetric, magnetic fields, polarization, ISM: magnetic fields, Cosmology: large-scale structure of Universe},
	Month = oct,
	Pages = {1217-1228},
	Title = {{Faraday rotation measure synthesis}},
	Volume = 441,
	Year = 2005,
	Bdsk-Url-1 = {http://dx.doi.org/10.1051/0004-6361:20052990}}

@inproceedings{briggs2004,
	Adsnote = {Provided by the Smithsonian/NASA Astrophysics Data System},
	Adsurl = {http://adsabs.harvard.edu/abs/2004IAUS..217...26B},
	Author = {{Briggs}, F.~H.},
	Booktitle = {Recycling Intergalactic and Interstellar Matter},
	Editor = {{Duc}, P.-A. and {Braine}, J. and {Brinks}, E.},
	Month = jun,
	Pages = {26-+},
	Series = {IAU Symposium},
	Title = {{Intergalactic HI Clouds}},
	Volume = 217,
	Year = 2004}

@book{brigham1988,
	Adsnote = {Provided by the Smithsonian/NASA Astrophysics Data System},
	Adsurl = {http://adsabs.harvard.edu/cgi-bin/nph-bib_query?bibcode=1988ffti.book.....B&db_key=AST},
	Author = {{Brigham}, E.~O.},
	Publisher = {Englewood Cliffs, N.J.: Prentice-Hall, 1988},
	Title = {{The fast Fourier transform and its applications.}},
	Year = 1988}

@article{chang_et_al2005,
	Author = {{Chang}, C. and {Wawrzynek}, J. and {Brodersen}, R. ~W.},
	Journal = {IEEE Design and Test of Computers},
	Month = {Mar./Apr.},
	Number = 2,
	Pages = {114-125},
	Title = {{BEE2: A High-End Reconfigurable Computing System}},
	Url = {http://bwrc.eecs.berkeley.edu/Publications/2005/JOURNALS/c.chang/cheng.bee2.pdf},
	Volume = 22,
	Year = 2005,
	Bdsk-Url-1 = {http://bwrc.eecs.berkeley.edu/Publications/2005/JOURNALS/c.chang/cheng.bee2.pdf}}

@phdthesis{chapiro1984,
	Adsnote = {Provided by the SAO/NASA Astrophysics Data System},
	Adsurl = {http://adsabs.harvard.edu/abs/1984PhDT........50C},
	Author = {{Chapiro}, D.~M.},
	Month = oct,
	School = {Stanford Univ., CA.},
	Title = {{Globally-Asynchronous Locally-Synchronous Systems}},
	Year = 1984}

@inproceedings{clark1999,
	Adsnote = {Provided by the SAO/NASA Astrophysics Data System},
	Adsurl = {http://adsabs.harvard.edu/abs/1999ASPC..180....1C},
	Author = {{Clark}, B.~G.},
	Booktitle = {Synthesis Imaging in Radio Astronomy II},
	Editor = {{G.~B.~Taylor, C.~L.~Carilli, \& R.~A.~Perley}},
	Pages = {1-+},
	Series = {Astronomical Society of the Pacific Conference Series},
	Title = {{Coherence in Radio Astronomy}},
	Volume = 180,
	Year = 1999}

@article{conway_et_al1990,
	Adsnote = {Provided by the SAO/NASA Astrophysics Data System},
	Adsurl = {http://ads.ari.uni-heidelberg.de/abs/1990MNRAS.246..490C},
	Author = {{Conway}, J.~E. and {Cornwell}, T.~J. and {Wilkinson}, P.~N.},
	Journal = {\mnras},
	Month = oct,
	Pages = {490-+},
	Title = {{Multi-Frequency Synthesis - a New Technique in Radio Interferometric Imaging}},
	Volume = 246,
	Year = 1990}

@techreport{cornwell_et_al2003,
	Author = {{Cornwell}, T.~J. and {Golap}, K. and {Bhatnagar}, S.},
	Number = 67,
	Title = {{W-Projection: A New Algorithm for Non-Coplanar Baselines}},
	Type = {EVLA Memo},
	Year = 2003}

@inproceedings{cornwell_et_al_2005_345,
	Adsnote = {Provided by the Smithsonian/NASA Astrophysics Data System},
	Adsurl = {http://adsabs.harvard.edu/abs/2005ASPC..345..350C},
	Author = {{Cornwell}, T.~J. and {Golap}, K. and {Bhatnagar}, S.},
	Booktitle = {Astronomical Society of the Pacific Conference Series},
	Editor = {{Kassim}, N. and {Perez}, M. and {Junor}, W. and {Henning}, P.},
	Month = dec,
	Pages = {350-+},
	Series = {Astronomical Society of the Pacific Conference Series},
	Title = {{Wide Field Imaging: Fourier and Fresnel}},
	Volume = 345,
	Year = 2005}

@inproceedings{cornwell_et_al_2005_347,
	Adsnote = {Provided by the Smithsonian/NASA Astrophysics Data System},
	Adsurl = {http://adsabs.harvard.edu/abs/2005ASPC..347...86C},
	Author = {{Cornwell}, T.~J. and {Golap}, K. and {Bhatnagar}, S.},
	Booktitle = {Astronomical Data Analysis Software and Systems XIV},
	Editor = {{Shopbell}, P. and {Britton}, M. and {Ebert}, R.},
	Month = dec,
	Pages = {86-+},
	Series = {Astronomical Society of the Pacific Conference Series},
	Title = {{W Projection: A New Algorithm for Wide Field Imaging with Radio Synthesis Arrays}},
	Volume = 347,
	Year = 2005}

@article{cornwell_evans1985,
	Adsnote = {Provided by the SAO/NASA Astrophysics Data System},
	Adsurl = {http://adsabs.harvard.edu/abs/1985A%26A...143...77C},
	Author = {{Cornwell}, T.~J. and {Evans}, K.~F.},
	Journal = {\aap},
	Month = feb,
	Pages = {77-83},
	Title = {{A simple maximum entropy deconvolution algorithm}},
	Volume = 143,
	Year = 1985}

@inproceedings{cornwell_fomalont1989,
	Adsnote = {Provided by the SAO/NASA Astrophysics Data System},
	Adsurl = {http://adsabs.harvard.edu/abs/1989ASPC....6..185C},
	Author = {{Cornwell}, T. and {Fomalont}, E.~B.},
	Booktitle = {Synthesis Imaging in Radio Astronomy},
	Editor = {{Perley}, R.~A. and {Schwab}, F.~R. and {Bridle}, A.~H.},
	Pages = {185-+},
	Series = {Astronomical Society of the Pacific Conference Series},
	Title = {{Self-Calibration}},
	Volume = 6,
	Year = 1989}

@book{crochiere_rabiner1983,
	Author = {{Crochiere}, R. and {Rabiner}, L. ~R.},
	Publisher = {Englewood Cliffs, N.J., Prentice-Hall, Inc., 1983.~336 p.},
	Title = {{Multirate Digital Signal Processing}},
	Year = 1983}

@techreport{daddario2001,
	Address = {http://ral.berkeley.edu/ata/memos/},
	Author = {{D'Addario}, L.},
	Institution = {Allen Telescope Array},
	Month = mar,
	Number = 24,
	Title = {{Correlators: General Design Considerations}},
	Type = {ATA Memo},
	Year = 2001}

@inproceedings{demorest_et_al2004,
	Adsnote = {Provided by the Smithsonian/NASA Astrophysics Data System},
	Adsurl = {http://adsabs.harvard.edu/cgi-bin/nph-bib_query?bibcode=2004AAS...20514901D&db_key=AST},
	Author = {{Demorest}, P. and {Ramachandran}, R. and {Backer}, D. and {Ferdman}, R. and {Stairs}, I. and {Nice}, D.},
	Booktitle = {Bulletin of the American Astronomical Society},
	Month = dec,
	Pages = {1598-+},
	Title = {{Precision Pulsar Timing and Gravity Waves: Recent Advances in Instrumentation}},
	Url = {http://www.ursi.org/Proceedings/ProcGA05/pdf/J06.8(01696).pdf},
	Year = 2004,
	Bdsk-Url-1 = {http://www.ursi.org/Proceedings/ProcGA05/pdf/J06.8(01696).pdf}}

@article{deoliveira2008,
	Adsnote = {Provided by the SAO/NASA Astrophysics Data System},
	Adsurl = {http://adsabs.harvard.edu/abs/2008MNRAS.388..247D},
	Author = {{de Oliveira-Costa}, A. and {Tegmark}, M. and {Gaensler}, B.~M. and {Jonas}, J. and {Landecker}, T.~L. and {Reich}, P.},
	Doi = {10.1111/j.1365-2966.2008.13376.x},
	Eprint = {arXiv:0802.1525},
	Journal = {\mnras},
	Month = jul,
	Pages = {247-260},
	Title = {{A model of diffuse Galactic radio emission from 10 MHz to 100 GHz}},
	Volume = 388,
	Year = 2008,
	Bdsk-Url-1 = {http://dx.doi.org/10.1111/j.1365-2966.2008.13376.x}}

@manual{dick2000,
	Address = {http://www.xilinx.com},
	Author = {{Dick}, C.},
	Institution = {Xilinx},
	Title = {{High-Performance 1024-Point Complex FFT/IFFT V2.0}},
	Year = 2000}

@article{dimatteo_et_al2002,
	Adsnote = {Provided by the SAO/NASA Astrophysics Data System},
	Adsurl = {http://adsabs.harvard.edu/abs/2002ApJ...564..576D},
	Author = {{Di Matteo}, T. and {Perna}, R. and {Abel}, T. and {Rees}, M.~J.},
	Doi = {10.1086/324293},
	Eprint = {arXiv:astro-ph/0109241},
	Journal = {\apj},
	Month = jan,
	Pages = {576-580},
	Title = {{Radio Foregrounds for the 21 Centimeter Tomography of the Neutral Intergalactic Medium at High Redshifts}},
	Volume = 564,
	Year = 2002,
	Bdsk-Url-1 = {http://dx.doi.org/10.1086/324293}}

@article{dimatteo_et_al2004,
	Adsnote = {Provided by the SAO/NASA Astrophysics Data System},
	Adsurl = {http://adsabs.harvard.edu/abs/2004MNRAS.355.1053D},
	Author = {{Di Matteo}, T. and {Ciardi}, B. and {Miniati}, F.},
	Doi = {10.1111/j.1365-2966.2004.08443.x},
	Eprint = {arXiv:astro-ph/0402322},
	Journal = {\mnras},
	Month = dec,
	Pages = {1053-1065},
	Title = {{The 21-cm emission from the reionization epoch: extended and point source foregrounds}},
	Volume = 355,
	Year = 2004,
	Bdsk-Url-1 = {http://dx.doi.org/10.1111/j.1365-2966.2004.08443.x}}

@article{dunkley_et_al2008,
	Adsnote = {Provided by the SAO/NASA Astrophysics Data System},
	Adsurl = {http://adsabs.harvard.edu/abs/2008arXiv0803.0586D},
	Author = {{Dunkley}, J. and {Komatsu}, E. and {Nolta}, M.~R. and {Spergel}, D.~N. and {Larson}, D. and {Hinshaw}, G. and {Page}, L. and {Bennett}, C.~L. and {Gold}, B. and {Jarosik}, N. and {Weiland}, J.~L. and {Halpern}, M. and {Hill}, R.~S. and {Kogut}, A. and {Limon}, M. and {Meyer}, S.~S. and {Tucker}, G.~S. and {Wollack}, E. and {Wright}, E.~L.},
	Eprint = {0803.0586},
	Journal = {ArXiv},
	Month = mar,
	Title = {{Five-Year Wilkinson Microwave Anisotropy Probe (WMAP) Observations: Likelihoods and Parameters from the WMAP data}},
	Volume = 803,
	Year = 2008}

@article{fan_et_al2006,
	Adsnote = {Provided by the SAO/NASA Astrophysics Data System},
	Adsurl = {http://adsabs.harvard.edu/abs/2006ARA%26A..44..415F},
	Author = {{Fan}, X. and {Carilli}, C.~L. and {Keating}, B.},
	Doi = {10.1146/annurev.astro.44.051905.092514PDF: http://arjournals.annualreviews.org/doi/pdf/10.1146/annurev.astro.44.051905.092514},
	Eprint = {arXiv:astro-ph/0602375},
	Journal = {\araa},
	Month = sep,
	Pages = {415-462},
	Title = {{Observational Constraints on Cosmic Reionization}},
	Volume = 44,
	Year = 2006,
	Bdsk-Url-1 = {10.1146/annurev.astro.44.051905.092514PDF:%20http://arjournals.annualreviews.org/doi/pdf/10.1146/annurev.astro.44.051905.092514}}

@article{furlanetto_et_al2006,
	Adsnote = {Provided by the Smithsonian/NASA Astrophysics Data System},
	Adsurl = {http://adsabs.harvard.edu/abs/2006PhR...433..181F},
	Author = {{Furlanetto}, S.~R. and {Oh}, S.~P. and {Briggs}, F.~H.},
	Doi = {10.1016/j.physrep.2006.08.002},
	Eprint = {arXiv:astro-ph/0608032},
	Journal = {\physrep},
	Month = oct,
	Pages = {181-301},
	Title = {{Cosmology at low frequencies: The 21 cm transition and the high-redshift Universe}},
	Volume = 433,
	Year = 2006,
	Bdsk-Url-1 = {http://dx.doi.org/10.1016/j.physrep.2006.08.002}}

@inproceedings{golap_et_al2005,
	Adsnote = {Provided by the Smithsonian/NASA Astrophysics Data System},
	Adsurl = {http://adsabs.harvard.edu/abs/2005ASPC..345..366G},
	Author = {{Golap}, K. and {Cornwell}, T.~J. and {Perley}, R.~A. and {Bhatnagar}, S.},
	Booktitle = {Astronomical Society of the Pacific Conference Series},
	Editor = {{Kassim}, N. and {Perez}, M. and {Junor}, W. and {Henning}, P.},
	Month = dec,
	Pages = {366-+},
	Series = {Astronomical Society of the Pacific Conference Series},
	Title = {{Post Correlation RFI Excision}},
	Volume = 345,
	Year = 2005}

@article{gorski_et_al2005,
	Adsnote = {Provided by the SAO/NASA Astrophysics Data System},
	Adsurl = {http://adsabs.harvard.edu/abs/2005ApJ...622..759G},
	Author = {{G{\'o}rski}, K.~M. and {Hivon}, E. and {Banday}, A.~J. and {Wandelt}, B.~D. and {Hansen}, F.~K. and {Reinecke}, M. and {Bartelmann}, M.},
	Doi = {10.1086/427976},
	Eprint = {arXiv:astro-ph/0409513},
	Journal = {\apj},
	Month = apr,
	Pages = {759-771},
	Title = {{HEALPix: A Framework for High-Resolution Discretization and Fast Analysis of Data Distributed on the Sphere}},
	Volume = 622,
	Year = 2005,
	Bdsk-Url-1 = {http://dx.doi.org/10.1086/427976}}

@techreport{hall2006,
	Address = {http://www.skatelescope.org/PDF/memos},
	Editor = {{Hall}, P.},
	Institution = {Square Kilometre Array},
	Month = oct,
	Number = 86,
	Pages = {14-29},
	Title = {{SKA Demonstrators, Pathfinders and Design Studies EWG Comments on 2006 Updates}},
	Type = {SKA Memo},
	Year = 2006}

@article{haslam_et_al1982,
	Adsnote = {Provided by the SAO/NASA Astrophysics Data System},
	Adsurl = {http://adsabs.harvard.edu/abs/1982A%26AS...47....1H},
	Author = {{Haslam}, C.~G.~T. and {Salter}, C.~J. and {Stoffel}, H. and {Wilson}, W.~E.},
	Journal = {\aaps},
	Month = jan,
	Pages = {1-+},
	Title = {{A 408 MHz all-sky continuum survey. II - The atlas of contour maps}},
	Volume = 47,
	Year = 1982}

@inproceedings{heiles_et_al2004,
	Adsnote = {Provided by the Smithsonian/NASA Astrophysics Data System},
	Adsurl = {http://adsabs.harvard.edu/cgi-bin/nph-bib_query?bibcode=2004AAS...205.7807H&db_key=AST},
	Author = {{Heiles}, C. and {Goldston}, J. and {Mock}, J. and {Parsons}, A. and {Stanimirovic}, S. and {Werthimer}, D.},
	Booktitle = {Bulletin of the American Astronomical Society},
	Month = dec,
	Pages = {1476-+},
	Title = {{GALFA Hardware and Calibration Techniques}},
	Year = 2004}

@article{hogbom1974,
	Adsnote = {Provided by the SAO/NASA Astrophysics Data System},
	Adsurl = {http://adsabs.harvard.edu/abs/1974A%26AS...15..417H},
	Author = {{H{\"o}gbom}, J.~A.},
	Journal = {\aaps},
	Month = jun,
	Pages = {417-+},
	Title = {{Aperture Synthesis with a Non-Regular Distribution of Interferometer Baselines}},
	Volume = 15,
	Year = 1974}

@article{jackson_farrell2006,
	Author = {{Jackson}, T.~L. and {Farrell}, W.~M.},
	Journal = {Parallel Processing Symposium, International},
	Pages = {2942-2949},
	Publisher = {IEEE Trans. on Geosci. Remote Sens.},
	Title = {{Electrostatic Fields in Dust Devils: An Analog to Mars}},
	Volume = {44},
	Year = {2006}}

@article{jenet_anderson1998,
	Adsnote = {Provided by the Smithsonian/NASA Astrophysics Data System},
	Adsurl = {http://adsabs.harvard.edu/abs/1998PASP..110.1467J},
	Author = {{Jenet}, F.~A. and {Anderson}, S.~B.},
	Journal = {\pasp},
	Month = dec,
	Pages = {1467-1478},
	Title = {{The Effects of Digitization on Nonstationary Stochastic Signals with Applications to Pulsar Signal Baseband Recording}},
	Volume = 110,
	Year = 1998}

@article{jennison1958,
	Adsnote = {Provided by the SAO/NASA Astrophysics Data System},
	Adsurl = {http://adsabs.harvard.edu/abs/1958MNRAS.118..276J},
	Author = {{Jennison}, R.~C.},
	Journal = {\mnras},
	Pages = {276-+},
	Title = {{A phase sensitive interferometer technique for the measurement of the Fourier transforms of spatial brightness distributions of small angular extent}},
	Volume = 118,
	Year = 1958}

@book{johnson1993,
	Adsnote = {Provided by the SAO/NASA Astrophysics Data System},
	Adsurl = {http://adsabs.harvard.edu/abs/1993aehb.book.....J},
	Author = {{Johnson}, R.~C.},
	Chapter = {4},
	Pages = {18-23},
	Publisher = {New York, McGraw-Hill, 1993.},
	Title = {{Antenna Engineering Handbook, 3rd Edition}},
	Year = 1993}

@article{komesaroff1960,
	Adsnote = {Provided by the SAO/NASA Astrophysics Data System},
	Adsurl = {http://adsabs.harvard.edu/abs/1960AuJPh..13..153K},
	Author = {{Komesaroff}, M.~M.},
	Journal = {Australian Journal of Physics},
	Month = jun,
	Pages = {153-+},
	Title = {{Ionospheric Refraction in Radio Astronomy. I. Theory}},
	Volume = 13,
	Year = 1960}

@article{lidz_et_al2008,
	Adsnote = {Provided by the SAO/NASA Astrophysics Data System},
	Adsurl = {http://adsabs.harvard.edu/abs/2008ApJ...680..962L},
	Author = {{Lidz}, A. and {Zahn}, O. and {McQuinn}, M. and {Zaldarriaga}, M. and {Hernquist}, L.},
	Doi = {10.1086/587618},
	Eprint = {arXiv:0711.4373},
	Journal = {\apj},
	Month = jun,
	Pages = {962-974},
	Title = {{Detecting the Rise and Fall of 21 cm Fluctuations with the Murchison Widefield Array}},
	Volume = 680,
	Year = 2008,
	Bdsk-Url-1 = {http://dx.doi.org/10.1086/587618}}

@article{liu_et_al2008,
	Adsnote = {Provided by the SAO/NASA Astrophysics Data System},
	Adsurl = {http://adsabs.harvard.edu/abs/2008arXiv0807.3952L},
	Archiveprefix = {arXiv},
	Author = {{Liu}, A. and {Tegmark}, M. and {Zaldarriaga}, M.},
	Eprint = {0807.3952},
	Journal = {ArXiv},
	Month = jul,
	Title = {{Will point sources spoil 21 cm tomography?}},
	Year = 2008}

@article{loeb_barkana2001,
	Adsnote = {Provided by the SAO/NASA Astrophysics Data System},
	Adsurl = {http://adsabs.harvard.edu/abs/2001ARA%26A..39...19L},
	Author = {{Loeb}, A. and {Barkana}, R.},
	Doi = {10.1146/annurev.astro.39.1.19},
	Eprint = {arXiv:astro-ph/0010467},
	Journal = {\araa},
	Pages = {19-66},
	Title = {{The Reionization of the Universe by the First Stars and Quasars}},
	Volume = 39,
	Year = 2001,
	Bdsk-Url-1 = {http://dx.doi.org/10.1146/annurev.astro.39.1.19}}

@article{loeb_zaldarriaga2004,
	Adsnote = {Provided by the SAO/NASA Astrophysics Data System},
	Adsurl = {http://adsabs.harvard.edu/abs/2004PhRvL..92u1301L},
	Author = {{Loeb}, A. and {Zaldarriaga}, M.},
	Doi = {10.1103/PhysRevLett.92.211301},
	Eprint = {arXiv:astro-ph/0312134},
	Journal = {Physical Review Letters},
	Month = may,
	Number = 21,
	Pages = {211301-+},
	Title = {{Measuring the Small-Scale Power Spectrum of Cosmic Density Fluctuations through 21cm Tomography Prior to the Epoch of Structure Formation}},
	Volume = 92,
	Year = 2004,
	Bdsk-Url-1 = {http://dx.doi.org/10.1103/PhysRevLett.92.211301}}

@article{luis_et_al2007,
	Address = {Los Alamitos, CA, USA},
	Author = {{Plana}, L.~A. and {Furber}, S.~B. and {Temple}, S. and {Khan}, M. and {Shi}, Y. and {Wu}, J. and {Yang}, S.},
	Doi = {http://dx.doi.org/10.1109/MDT.2007.149},
	Issn = {0740-7475},
	Journal = {IEEE Des. Test},
	Number = {5},
	Pages = {454--463},
	Publisher = {IEEE Computer Society Press},
	Title = {{A GALS Infrastructure for a Massively Parallel Multiprocessor}},
	Volume = {24},
	Year = {2007},
	Bdsk-Url-1 = {http://dx.doi.org/10.1109/MDT.2007.149}}

@article{mao_et_al2008,
	Adsnote = {Provided by the SAO/NASA Astrophysics Data System},
	Adsurl = {http://adsabs.harvard.edu/abs/2008PhRvD..78b3529M},
	Archiveprefix = {arXiv},
	Author = {{Mao}, Y. and {Tegmark}, M. and {McQuinn}, M. and {Zaldarriaga}, M. and {Zahn}, O.},
	Doi = {10.1103/PhysRevD.78.023529},
	Eprint = {0802.1710},
	Journal = {\prd},
	Month = jul,
	Number = 2,
	Pages = {023529-+},
	Title = {{How accurately can 21cm tomography constrain cosmology?}},
	Volume = 78,
	Year = 2008,
	Bdsk-Url-1 = {http://dx.doi.org/10.1103/PhysRevD.78.023529}}

@article{mcquinn_et_al2006,
	Adsnote = {Provided by the SAO/NASA Astrophysics Data System},
	Adsurl = {http://adsabs.harvard.edu/abs/2006ApJ...653..815M},
	Author = {{McQuinn}, M. and {Zahn}, O. and {Zaldarriaga}, M. and {Hernquist}, L. and {Furlanetto}, S.~R.},
	Doi = {10.1086/505167},
	Eprint = {arXiv:astro-ph/0512263},
	Journal = {\apj},
	Month = dec,
	Pages = {815-834},
	Title = {{Cosmological Parameter Estimation Using 21 cm Radiation from the Epoch of Reionization}},
	Volume = 653,
	Year = 2006,
	Bdsk-Url-1 = {http://dx.doi.org/10.1086/505167}}

@article{mcquinn_et_al2007,
	Adsnote = {Provided by the SAO/NASA Astrophysics Data System},
	Adsurl = {http://adsabs.harvard.edu/abs/2007MNRAS.377.1043M},
	Author = {{McQuinn}, M. and {Lidz}, A. and {Zahn}, O. and {Dutta}, S. and {Hernquist}, L. and {Zaldarriaga}, M.},
	Doi = {10.1111/j.1365-2966.2007.11489.x},
	Eprint = {arXiv:astro-ph/0610094},
	Journal = {\mnras},
	Keywords = {galaxies: formation, intergalactic medium, cosmology: theory, diffuse radiation, large-scale structure of Universe, radio lines: galaxies},
	Month = may,
	Pages = {1043-1063},
	Title = {{The morphology of HII regions during reionization}},
	Volume = 377,
	Year = 2007,
	Bdsk-Url-1 = {http://dx.doi.org/10.1111/j.1365-2966.2007.11489.x}}

@article{trac07,
	Adsnote = {Provided by the SAO/NASA Astrophysics Data System},
	Adsurl = {http://adsabs.harvard.edu/abs/2007ApJ...671....1T},
	Author = {{Trac}, H. and {Cen}, R.},
	Doi = {10.1086/522566},
	Eprint = {arXiv:astro-ph/0612406},
	Journal = {\apj},
	Keywords = {Cosmology: Theory, Galaxies: Formation, Galaxies: Intergalactic Medium, Cosmology: Large-Scale Structure of Universe, Methods: Numerical, Radiative Transfer, Stars: Formation},
	Month = dec,
	Pages = {1-13},
	Title = {{Radiative Transfer Simulations of Cosmic Reionization. I. Methodology and Initial Results}},
	Volume = 671,
	Year = 2007,
	Bdsk-Url-1 = {http://dx.doi.org/10.1086/522566}}

@book{millman_halkias1967,
	Author = {{Millman}, J. and {Halkias}, C.},
	Chapter = {17},
	Publisher = {New York, McGraw-Hill, 1967.},
	Title = {{Electronic Devices and Circuits}},
	Year = 1967}

@article{mishra_et_al2005,
	Author = {{Mishra}, S. and {\`Eabri\ae}, D. and {Chang}, C. and {Willkomm}, D. and {van Schewick}, B. and {Wolisz}, A. and {Brodersen}, R.},
	Day = {8-11},
	Journal = {IEEE DySPAN},
	Month = nov,
	Title = {{A Real Time Cognitive Radio Testbed for Physical and Link Layer Experiments}},
	Url = {http://bwrc.eecs.berkeley.edu/Research/Cognitive/DySPAN_SMM_final.pdf},
	Year = 2005,
	Bdsk-Url-1 = {http://bwrc.eecs.berkeley.edu/Research/Cognitive/DySPAN_SMM_final.pdf}}

@article{morales_et_al2006a,
	Adsnote = {Provided by the SAO/NASA Astrophysics Data System},
	Adsurl = {http://adsabs.harvard.edu/abs/2006ApJ...648..767M},
	Author = {{Morales}, M.~F. and {Bowman}, J.~D. and {Hewitt}, J.~N.},
	Doi = {10.1086/506135},
	Eprint = {arXiv:astro-ph/0510027},
	Journal = {\apj},
	Month = sep,
	Pages = {767-773},
	Title = {{Improving Foreground Subtraction in Statistical Observations of 21 cm Emission from the Epoch of Reionization}},
	Volume = 648,
	Year = 2006,
	Bdsk-Url-1 = {http://dx.doi.org/10.1086/506135}}

@article{morales_et_al2006b,
	Adsnote = {Provided by the SAO/NASA Astrophysics Data System},
	Adsurl = {http://adsabs.harvard.edu/abs/2006NewAR..50..173M},
	Author = {{Morales}, M.~F. and {Bowman}, J.~D. and {Cappallo}, R. and {Hewitt}, J.~N. and {Lonsdale}, C.~J.},
	Doi = {10.1016/j.newar.2005.11.033},
	Journal = {New Astronomy Review},
	Month = mar,
	Pages = {173-178},
	Title = {{Statistical EOR detection and the Mileura Widefield Array}},
	Volume = 50,
	Year = 2006,
	Bdsk-Url-1 = {http://dx.doi.org/10.1016/j.newar.2005.11.033}}

@article{morales2005,
	Adsnote = {Provided by the SAO/NASA Astrophysics Data System},
	Adsurl = {http://adsabs.harvard.edu/abs/2005ApJ...619..678M},
	Author = {{Morales}, M.~F.},
	Doi = {10.1086/426730},
	Eprint = {arXiv:astro-ph/0406662},
	Journal = {\apj},
	Month = feb,
	Pages = {678-683},
	Title = {{Power Spectrum Sensitivity and the Design of Epoch of Reionization Observatories}},
	Volume = 619,
	Year = 2005,
	Bdsk-Url-1 = {http://dx.doi.org/10.1086/426730}}

@article{morales_hewitt2004,
	Adsnote = {Provided by the SAO/NASA Astrophysics Data System},
	Adsurl = {http://adsabs.harvard.edu/abs/2004ApJ...615....7M},
	Author = {{Morales}, M.~F. and {Hewitt}, J.},
	Doi = {10.1086/424437},
	Eprint = {arXiv:astro-ph/0312437},
	Journal = {\apj},
	Keywords = {Cosmology: Observations, Cosmology: Early Universe, Radio Lines: General},
	Month = nov,
	Pages = {7-18},
	Title = {{Toward Epoch of Reionization Measurements with Wide-Field Radio Observations}},
	Volume = 615,
	Year = 2004,
	Bdsk-Url-1 = {http://dx.doi.org/10.1086/424437}}

@inproceedings{noordam2004,
	Adsnote = {Provided by the SAO/NASA Astrophysics Data System},
	Adsurl = {http://adsabs.harvard.edu/abs/2004SPIE.5489..817N},
	Author = {{Noordam}, J.~E.},
	Booktitle = {Society of Photo-Optical Instrumentation Engineers (SPIE) Conference Series},
	Doi = {10.1117/12.544262},
	Editor = {{Oschmann}, Jr., J.~M.},
	Month = oct,
	Pages = {817-825},
	Series = {Presented at the Society of Photo-Optical Instrumentation Engineers (SPIE) Conference},
	Title = {{LOFAR calibration challenges}},
	Volume = 5489,
	Year = 2004,
	Bdsk-Url-1 = {http://dx.doi.org/10.1117/12.544262}}

@article{paciga_et_al2011,
	Adsnote = {Provided by the SAO/NASA Astrophysics Data System},
	Adsurl = {http://adsabs.harvard.edu/abs/2011MNRAS.413.1174P},
	Archiveprefix = {arXiv},
	Author = {{Paciga}, G. and {Chang}, T.-C. and {Gupta}, Y. and {Nityanada}, R. and {Odegova}, J. and {Pen}, U.-L. and {Peterson}, J.~B. and {Roy}, J. and {Sigurdson}, K.},
	Doi = {10.1111/j.1365-2966.2011.18208.x},
	Eprint = {1006.1351},
	Journal = {\mnras},
	Keywords = {intergalactic medium, cosmology: observations, dark ages, reionization, first stars, diffuse radiation, radio lines: general},
	Month = may,
	Pages = {1174-1183},
	Primaryclass = {astro-ph.CO},
	Title = {{The GMRT Epoch of Reionization experiment: a new upper limit on the neutral hydrogen power spectrum at z{\ap} 8.6}},
	Volume = 413,
	Year = 2011,
	Bdsk-Url-1 = {http://dx.doi.org/10.1111/j.1365-2966.2011.18208.x}}

@article{page_et_al2007,
	Adsnote = {Provided by the SAO/NASA Astrophysics Data System},
	Adsurl = {http://adsabs.harvard.edu/abs/2007ApJS..170..335P},
	Author = {{Page}, L. and {Hinshaw}, G. and {Komatsu}, E. and {Nolta}, M.~R. and {Spergel}, D.~N. and {Bennett}, C.~L. and {Barnes}, C. and {Bean}, R. and {Dor{\'e}}, O. and {Dunkley}, J. and {Halpern}, M. and {Hill}, R.~S. and {Jarosik}, N. and {Kogut}, A. and {Limon}, M. and {Meyer}, S.~S. and {Odegard}, N. and {Peiris}, H.~V. and {Tucker}, G.~S. and {Verde}, L. and {Weiland}, J.~L. and {Wollack}, E. and {Wright}, E.~L.},
	Doi = {10.1086/513699},
	Eprint = {arXiv:astro-ph/0603450},
	Journal = {\apjs},
	Month = jun,
	Pages = {335-376},
	Title = {{Three-Year Wilkinson Microwave Anisotropy Probe (WMAP) Observations: Polarization Analysis}},
	Volume = 170,
	Year = 2007,
	Bdsk-Url-1 = {http://dx.doi.org/10.1086/513699}}

@article{parsons_et_al2010,
	Adsnote = {Provided by the SAO/NASA Astrophysics Data System},
	Adsurl = {http://adsabs.harvard.edu/abs/2010AJ....139.1468P},
	Archiveprefix = {arXiv},
	Author = {{Parsons}, A.~R. and {Backer}, D.~C. and {Foster}, G.~S. and {Wright}, M.~C.~H. and {Bradley}, R.~F. and {Gugliucci}, N.~E. and {Parashare}, C.~R. and {Benoit}, E.~E. and {Aguirre}, J.~E. and {Jacobs}, D.~C. and {Carilli}, C.~L. and {Herne}, D. and {Lynch}, M.~J. and {Manley}, J.~R. and {Werthimer}, D.~J.},
	Doi = {10.1088/0004-6256/139/4/1468},
	Eprint = {0904.2334},
	Journal = {\aj},
	Keywords = {cosmology: observations, instrumentation: interferometers, radio continuum: general, techniques: interferometric, site testing, telescopes},
	Month = apr,
	Pages = {1468-1480},
	Primaryclass = {astro-ph.CO},
	Title = {{The Precision Array for Probing the Epoch of Re-ionization: Eight Station Results}},
	Volume = 139,
	Year = 2010,
	Bdsk-Url-1 = {http://dx.doi.org/10.1088/0004-6256/139/4/1468}}

@article{parsons2009,
	Author = {Parsons, A.},
	Doi = {10.1109/LSP.2009.2016836},
	Issn = {1070-9908},
	Journal = {Signal Processing Letters, IEEE},
	Month = {June},
	Number = {6},
	Pages = {477-480},
	Title = {The Symmetric Group in Data Permutation, With Applications to High-Bandwidth Pipelined FFT Architectures},
	Volume = {16},
	Year = {2009},
	Bdsk-Url-1 = {http://dx.doi.org/10.1109/LSP.2009.2016836}}

@article{parsons_backer2009,
	Adsnote = {Provided by the SAO/NASA Astrophysics Data System},
	Adsurl = {http://adsabs.harvard.edu/abs/2009AJ....138..219P},
	Archiveprefix = {arXiv},
	Author = {{Parsons}, A.~R. and {Backer}, D.~C.},
	Doi = {10.1088/0004-6256/138/1/219},
	Eprint = {0901.2575},
	Journal = {\aj},
	Keywords = {instrumentation: interferometers, methods: data analysis, techniques: interferometric},
	Month = jul,
	Pages = {219-226},
	Primaryclass = {astro-ph.IM},
	Title = {{Calibration of Low-Frequency, Wide-Field Radio Interferometers Using Delay/Delay-Rate Filtering}},
	Volume = 138,
	Year = 2009,
	Bdsk-Url-1 = {http://dx.doi.org/10.1088/0004-6256/138/1/219}}

@inproceedings{parsons_et_al2006,
	Author = {{Parsons}, A. and {Backer}, D. and {Chang}, C. and {Chapman}, D. and {Chen}, H. and {Crescini}, P. and {de Jesus}, C. and {Dick}, C. and {Droz}, P. and {MacMahon}, D. and {Meder}, K. and {Mock}, J. and {Nagpal}, V. and {Nikolic}, B. and {Parsa}, A. and {Richards}, B. and {Siemion}, A. and {Wawrzynek}, J. and {Werthimer}, D. and {Wright}, M.},
	Booktitle = {Asilomar Conference on Signals and Systems, Pacific Grove, CA},
	Month = nov,
	Pages = {2031-2035},
	Title = {{PetaOp/Second FPGA Signal Processing for SETI and Radio Astronomy}},
	Year = 2006}

@article{parsons_et_al2008,
	Adsnote = {Provided by the SAO/NASA Astrophysics Data System},
	Adsurl = {http://adsabs.harvard.edu/abs/2008PASP..120.1207P},
	Archiveprefix = {arXiv},
	Author = {{Parsons}, A. and {Backer}, D. and {Siemion}, A. and {Chen}, H. and {Werthimer}, D. and {Droz}, P. and {Filiba}, T. and {Manley}, J. and {McMahon}, P. and {Parsa}, A. and {MacMahon}, D. and {Wright}, M.},
	Doi = {10.1086/593053},
	Eprint = {0809.2266},
	Journal = {\pasp},
	Month = nov,
	Pages = {1207-1221},
	Title = {{A Scalable Correlator Architecture Based on Modular FPGA Hardware, Reuseable Gateware, and Data Packetization}},
	Volume = 120,
	Year = 2008,
	Bdsk-Url-1 = {http://dx.doi.org/10.1086/593053}}

@article{parsons_et_al2009,
	Adsnote = {Provided by the SAO/NASA Astrophysics Data System},
	Adsurl = {http://adsabs.harvard.edu/abs/2009arXiv0904.2334P},
	Author = {{Parsons}, A.~R. and {Backer}, D.~C. and {Bradley}, R.~F. and {Aguirre}, J.~E. and {Benoit}, E.~E. and {Carilli}, C.~L. and {Foster}, G.~S. and {Gugliucci}, N.~E. and {Herne}, D. and {Jacobs}, D.~C. nd {Lynch}, M.~J. and {Manley}, J.~R. and {Parashare}, C.~R. and {Werthimer}, D.~J. and {Wright}, M.~C.~H.},
	Journal = {Submitted to \aj. ArXiv:0904.2334},
	Month = apr,
	Title = {{The Precision Array for Probing the Epoch of Reionization: 8 Sta on Results}},
	Year = 2009}

@article{pearson_readhead1984,
	Adsnote = {Provided by the SAO/NASA Astrophysics Data System},
	Adsurl = {http://adsabs.harvard.edu/abs/1984ARA%26A..22...97P},
	Author = {{Pearson}, T.~J. and {Readhead}, A.~C.~S.},
	Doi = {10.1146/annurev.aa.22.090184.000525},
	Journal = {\araa},
	Pages = {97-130},
	Title = {{Image Formation by Self-Calibration in Radio Astronomy}},
	Volume = 22,
	Year = 1984,
	Bdsk-Url-1 = {http://dx.doi.org/10.1146/annurev.aa.22.090184.000525}}

@article{pen_et_al2009,
	Adsnote = {Provided by the SAO/NASA Astrophysics Data System},
	Adsurl = {http://adsabs.harvard.edu/abs/2009MNRAS.399..181P},
	Archiveprefix = {arXiv},
	Author = {{Pen}, {U.-L.} and {Chang}, {T.-C.} and {Hirata}, C.~M. and {Peterson}, J.~B. and {Roy}, J. and {Gupta}, Y. and {Odegova}, J. and {Sigurdson}, K.},
	Doi = {10.1111/j.1365-2966.2009.14980.x},
	Eprint = {0807.1056},
	Journal = {\mnras},
	Keywords = {polarization , cosmology: observations , radio continuum: ISM},
	Month = oct,
	Pages = {181-194},
	Title = {{The GMRT EoR experiment: limits on polarized sky brightness at 150 MHz}},
	Volume = 399,
	Year = 2009,
	Bdsk-Url-1 = {http://dx.doi.org/10.1111/j.1365-2966.2009.14980.x}}

@article{petrovic_oh2010,
	Adsnote = {Provided by the SAO/NASA Astrophysics Data System},
	Adsurl = {http://adsabs.harvard.edu/abs/2010arXiv1010.4109P},
	Archiveprefix = {arXiv},
	Author = {{Petrovic}, N. and {Oh}, S.~P.},
	Eprint = {1010.4109},
	Journal = {ArXiv},
	Keywords = {Astrophysics - Cosmology and Extragalactic Astrophysics},
	Month = oct,
	Primaryclass = {astro-ph.CO},
	Title = {{Foreground Removal in 21cm Surveys of Reionization}},
	Year = 2010}

@book{rabiner_gold1975,
	Adsnote = {Provided by the Smithsonian/NASA Astrophysics Data System},
	Adsurl = {http://adsabs.harvard.edu/cgi-bin/nph-bib_query?bibcode=1975tads.book.....R&db_key=AST},
	Author = {{Rabiner}, L.~R. and {Gold}, B.},
	Publisher = {Englewood Cliffs, N.J., Prentice-Hall, Inc., 1975.~777 p.},
	Title = {{Theory and application of digital signal processing}},
	Year = 1975}

@article{roberts_et_al1987,
	Adsnote = {Provided by the SAO/NASA Astrophysics Data System},
	Adsurl = {http://adsabs.harvard.edu/abs/1987AJ.....93..968R},
	Author = {{Roberts}, D.~H. and {Lehar}, J. and {Dreher}, J.~W.},
	Doi = {10.1086/114383},
	Journal = {\aj},
	Month = apr,
	Pages = {968-+},
	Title = {{Time Series Analysis with Clean - Part One - Derivation of a Spectrum}},
	Volume = 93,
	Year = 1987,
	Bdsk-Url-1 = {http://dx.doi.org/10.1086/114383}}

@article{rogers_bowman2008,
	Adsnote = {Provided by the SAO/NASA Astrophysics Data System},
	Adsurl = {http://adsabs.harvard.edu/abs/2008AJ....136..641R},
	Archiveprefix = {arXiv},
	Author = {{Rogers}, A.~E.~E. and {Bowman}, J.~D.},
	Doi = {10.1088/0004-6256/136/2/641},
	Eprint = {0806.2868},
	Journal = {\aj},
	Month = aug,
	Pages = {641-648},
	Title = {{Spectral Index of the Diffuse Radio Background Measured from 100 TO 200 MHz}},
	Volume = 136,
	Year = 2008,
	Bdsk-Url-1 = {http://dx.doi.org/10.1088/0004-6256/136/2/641}}

@book{rybicki_lightman1979,
	Adsnote = {Provided by the Smithsonian/NASA Astrophysics Data System},
	Adsurl = {http://adsabs.harvard.edu/abs/1979rpa..book.....R},
	Author = {{Rybicki}, G.~B. and {Lightman}, A.~P.},
	Publisher = {New York, Wiley-Interscience, 1979.~393 p.},
	Title = {{Radiative processes in astrophysics}},
	Year = 1979}

@article{santos_et_al2005,
	Adsnote = {Provided by the SAO/NASA Astrophysics Data System},
	Adsurl = {http://adsabs.harvard.edu/abs/2005ApJ...625..575S},
	Author = {{Santos}, M.~G. and {Cooray}, A. and {Knox}, L.},
	Doi = {10.1086/429857},
	Eprint = {arXiv:astro-ph/0408515},
	Journal = {\apj},
	Month = jun,
	Pages = {575-587},
	Title = {{Multifrequency Analysis of 21 Centimeter Fluctuations from the Era of Reionization}},
	Volume = 625,
	Year = 2005,
	Bdsk-Url-1 = {http://dx.doi.org/10.1086/429857}}

@article{sault1990,
	Adsnote = {Provided by the SAO/NASA Astrophysics Data System},
	Adsurl = {http://adsabs.harvard.edu/abs/1990ApJ...354L..61S},
	Author = {{Sault}, R.~J.},
	Doi = {10.1086/185723},
	Journal = {\apjl},
	Month = may,
	Pages = {L61-L63},
	Title = {{A modification of the Cornwell and Evans maximum entropy algorithm}},
	Volume = 354,
	Year = 1990,
	Bdsk-Url-1 = {http://dx.doi.org/10.1086/185723}}

@inproceedings{sault_et_al1995,
	Adsnote = {Provided by the SAO/NASA Astrophysics Data System},
	Adsurl = {http://adsabs.harvard.edu/abs/1995ASPC...77..433S},
	Author = {{Sault}, R.~J. and {Teuben}, P.~J. and {Wright}, M.~C.~H.},
	Booktitle = {Astronomical Data Analysis Software and Systems IV},
	Editor = {{Shaw}, R.~A. and {Payne}, H.~E. and {Hayes}, J.~J.~E.},
	Pages = {433-+},
	Series = {Astronomical Society of the Pacific Conference Series},
	Title = {{A Retrospective View of MIRIAD}},
	Volume = 77,
	Year = 1995}

@article{shull_et_al1995,
	Adsnote = {Provided by the Smithsonian/NASA Astrophysics Data System},
	Adsurl = {http://adsabs.harvard.edu/abs/1995astro.ph.10054S},
	Author = {{Shull}, J.~M. and {Stocke}, J.~T. and {Penton}, S.},
	Eprint = {astro-ph/9510054},
	Journal = {ArXiv Astrophysics},
	Month = oct,
	Title = {{Intergalactic Hydrogen Clouds at Low-Redshift: Connections To Voids And Dwarf Galaxies}},
	Year = 1995}

@book{slurzberg_osterheld1961,
	Author = {{Slurzberg}, M. and {Osterheld}, W.},
	Pages = {595},
	Publisher = {New York, McGraw-Hill, 1961.},
	Title = {{Essentials of Radio-Electronics, 2nd Edition}},
	Year = 1961}

@phdthesis{so2007,
	Adsnote = {Provided by the SAO/NASA Astrophysics Data System},
	Adsurl = {http://adsabs.harvard.edu/abs/1984PhDT........50C},
	Author = {{So}, K.~H.},
	Month = oct,
	School = {Berkeley Wireless Research Center, UC Berkeley, CA.},
	Title = {{BORPH: An Operating System for FPGA-Based Reconfigurable Computers}},
	Year = 2007}

@inproceedings{so_broderson2006,
	Author = {{So}, K.~H. and {Brodersen}, R. W.},
	Booktitle = {16th International Conference on Field Programmable Logic and Applications},
	Pages = {349-354},
	Publisher = {Madrid, Spain},
	Title = {{Improving Usability of FPGA-Based Reconfigurable Computers through Operating System Support}},
	Year = 2006}

@article{so_et_al2006,
	Author = {{So}, H. and {Tkachenko}, A. and {Brodersen}, R.},
	Journal = {CODES+ISSS},
	Note = Forthcoming,
	Title = {{A Unified Hardware/Software Runtime Environment for FPGA-Based Reconfigurable Computers using BORPH}},
	Year = 2006}

@article{tegmark_et_al2000,
	Adsnote = {Provided by the SAO/NASA Astrophysics Data System},
	Adsurl = {http://adsabs.harvard.edu/abs/2000ApJ...530..133T},
	Author = {{Tegmark}, M. and {Eisenstein}, D.~J. and {Hu}, W. and {de Oliveira-Costa}, A.},
	Doi = {10.1086/308348},
	Eprint = {arXiv:astro-ph/9905257},
	Journal = {\apj},
	Month = feb,
	Pages = {133-165},
	Title = {{Foregrounds and Forecasts for the Cosmic Microwave Background}},
	Volume = 530,
	Year = 2000,
	Bdsk-Url-1 = {http://dx.doi.org/10.1086/308348}}

@book{thompson_et_al2001,
	Adsnote = {Provided by the Smithsonian/NASA Astrophysics Data System},
	Adsurl = {http://adsabs.harvard.edu/abs/2001isra.book.....T},
	Author = {{Thompson}, A.~R. and {Moran}, J.~M. and {Swenson}, Jr., G.~W.},
	Publisher = {New York, Wiley-Interscience, 2001.~692 p.},
	Title = {{Interferometry and Synthesis in Radio Astronomy, 2nd Edition}},
	Year = 2001}

@inproceedings{thompson1999,
	Adsnote = {Provided by the SAO/NASA Astrophysics Data System},
	Adsurl = {http://adsabs.harvard.edu/abs/1999ASPC..180...11T},
	Author = {{Thompson}, A.~R.},
	Booktitle = {Synthesis Imaging in Radio Astronomy II},
	Editor = {{G.~B.~Taylor, C.~L.~Carilli, \& R.~A.~Perley}},
	Pages = {11-+},
	Series = {Astronomical Society of the Pacific Conference Series},
	Title = {{Fundamentals of Radio Interferometry}},
	Volume = 180,
	Year = 1999}

@article{vaidyanathan1990,
	Author = {{Vaidyanathan}, P. ~P.},
	Journal = {Proc. IEEE},
	Month = jan,
	Pages = {56-93},
	Title = {{Multirate Digital Filters, Filter Banks, Polyphase Networks, and Applications}},
	Volume = 78,
	Year = 1990}

@article{wang_et_al2006,
	Adsnote = {Provided by the SAO/NASA Astrophysics Data System},
	Adsurl = {http://adsabs.harvard.edu/abs/2006ApJ...650..529W},
	Author = {{Wang}, X. and {Tegmark}, M. and {Santos}, M.~G. and {Knox}, L.},
	Doi = {10.1086/506597},
	Eprint = {arXiv:astro-ph/0501081},
	Journal = {\apj},
	Month = oct,
	Pages = {529-537},
	Title = {{21 cm Tomography with Foregrounds}},
	Volume = 650,
	Year = 2006,
	Bdsk-Url-1 = {http://dx.doi.org/10.1086/506597}}

@article{weinreb1961,
	Author = {{Weinreb}, S.},
	Journal = {Proc. IEEE},
	Number = 6,
	Pages = {1099},
	Title = {{Digital Radiometer}},
	Volume = 49,
	Year = 1961}

@techreport{weinreb_daddario2001,
	Address = {http://www.skatelescope.org/PDF/memos},
	Author = {{Weinreb}, S. and {D'Addario}, L.},
	Institution = {Square Kilometre Array},
	Month = aug,
	Number = 1,
	Title = {{Cost Equation for the SKA}},
	Type = {SKA Memo},
	Year = 2001}

@article{white_et_al1999,
	Adsnote = {Provided by the SAO/NASA Astrophysics Data System},
	Adsurl = {http://adsabs.harvard.edu/abs/1999ApJ...514...12W},
	Author = {{White}, M. and {Carlstrom}, J.~E. and {Dragovan}, M. and {Holzapfel}, W.~L.},
	Doi = {10.1086/306911},
	Eprint = {arXiv:astro-ph/9712195},
	Journal = {\apj},
	Month = mar,
	Pages = {12-24},
	Title = {{Interferometric Observation of Cosmic Microwave Background Anisotropies}},
	Volume = 514,
	Year = 1999,
	Bdsk-Url-1 = {http://dx.doi.org/10.1086/306911}}

@techreport{wright2005,
	Address = {http://www.skatelescope.org/PDF/memos},
	Author = {{Wright}, M.},
	Institution = {Square Kilometre Array},
	Month = may,
	Number = 60,
	Title = {{Real Time Imaging}},
	Type = {SKA Memo},
	Year = 2005}

@manual{xilinx_ds083,
	Address = {http://www.xilinx.com},
	Month = oct,
	Organization = {Xilinx},
	Title = {{Virtex-II Pro and Virtex-II Pro X Platform FPGAs: Functional Description (DS083-2 v4.5)}},
	Year = 2005}

@manual{xilinx_ug024,
	Address = {http://www.xilinx.com},
	Month = dec,
	Organization = {Xilinx},
	Title = {{RocketIO Tranceiver User Guide (UG024 v2.5)}},
	Year = 2004}

@article{yatawatta_et_al2008,
	Adsnote = {Provided by the SAO/NASA Astrophysics Data System},
	Adsurl = {http://adsabs.harvard.edu/abs/2008arXiv0810.5751Y},
	Archiveprefix = {arXiv},
	Author = {{Yatawatta}, S. and {Zaroubi}, S. and {de Bruyn}, G. and {Koopmans}, L. and {Noordam}, J.},
	Eprint = {0810.5751},
	Journal = {ArXiv:0810.5751},
	Month = oct,
	Title = {{Radio Interferometric Calibration Using The SAGE Algorithm}},
	Year = 2008}

@article{yen1974,
	Adsnote = {Provided by the Smithsonian/NASA Astrophysics Data System},
	Adsurl = {http://adsabs.harvard.edu/abs/1974A%26AS...15..483Y},
	Author = {{Yen}, J.~L.},
	Journal = {\aaps},
	Month = jun,
	Pages = {483-+},
	Title = {{The Role of Fast Fourier Transform Computers in Astronomy}},
	Volume = 15,
	Year = 1974}

@article{zahn_et_al2007,
	Adsnote = {Provided by the SAO/NASA Astrophysics Data System},
	Adsurl = {http://adsabs.harvard.edu/abs/2007ApJ...654...12Z},
	Author = {{Zahn}, O. and {Lidz}, A. and {McQuinn}, M. and {Dutta}, S. and {Hernquist}, L. and {Zaldarriaga}, M. and {Furlanetto}, S.~R.},
	Doi = {10.1086/509597},
	Eprint = {arXiv:astro-ph/0604177},
	Journal = {\apj},
	Month = jan,
	Pages = {12-26},
	Title = {{Simulations and Analytic Calculations of Bubble Growth during Hydrogen Reionization}},
	Volume = 654,
	Year = 2007,
	Bdsk-Url-1 = {http://dx.doi.org/10.1086/509597}}

@inproceedings{wrobel_walker1999,
	Adsnote = {Provided by the SAO/NASA Astrophysics Data System},
	Adsurl = {http://adsabs.harvard.edu/abs/1999ASPC..180..171W},
	Author = {{Wrobel}, J.~M. and {Walker}, R.~C.},
	Booktitle = {Synthesis Imaging in Radio Astronomy II},
	Editor = {{Taylor}, G.~B. and {Carilli}, C.~L. and {Perley}, R.~A.},
	Pages = {171-+},
	Series = {Astronomical Society of the Pacific Conference Series},
	Title = {{Sensitivity}},
	Volume = 180,
	Year = 1999}

@article{robinson1985,
	Author = {John Robinson},
	Journal = {IEEE Transactions on Information Theory},
	Month = nov,
	Number = 6,
	Pages = {781--787},
	Title = {Golomb rectangles},
	Volume = 31,
	Year = 1985}

@article{meyer_papakon2009,
	Author = {Meyer, Christophe and Papakonstantinou, Periklis A.},
	Issue = 4,
	Journal = {Discrete Appl. Math.},
	Month = Feb,
	Pages = {738--748},
	Title = {On the complexity of constructing Golomb Rulers},
	Volume = 157,
	Year = 2009}

@book{golomb_gong2004,
	Address = {New York, NY, USA},
	Author = {Golomb, Solomon W. and Gong, Guang},
	Isbn = {0521821045},
	Publisher = {Cambridge University Press},
	Title = {Signal Design for Good Correlation: For Wireless Communication, Cryptography, and Radar},
	Year = 2004}

@inproceedings{bloom_golomb1977,
	Author = {Gary Bloom and Solomon Golomb},
	Booktitle = {Proceedings of the IEEE},
	Pages = {562--570},
	Title = {Applications of numbered undirected graphs},
	Volume = 65,
	Year = 1977}

@article{sidon1932,
	Author = {S. Sidon},
	Journal = {Mathematische Annalen},
	Pages = {536--539},
	Title = {Ein Satz \"uber trigonometrische Polynome und seine Anwendungen in der Theorie der Fourier-Reihen},
	Volume = 106,
	Year = 1932}

@article{babcock1953,
	Author = {Wallace C. Babcock},
	Journal = {Bell System Technical Journal},
	Month = jan,
	Number = 1,
	Pages = {63--73},
	Title = {Intermodulation Interference in Radio Systems: Frequency of Occurrence and Control by Channel Selection},
	Volume = 31,
	Year = 1953}

@inproceedings{costas1984,
	Author = {John Costas},
	Booktitle = {Proceedings of the IEEE},
	Month = Aug,
	Pages = {996--1009},
	Title = {A Study of Detection Waveforms Having Nearly Ideal Range-Doppler Ambiguity Properties},
	Volume = 72,
	Year = 1984}

@article{golomb_taylor1984,
	Author = {Solomon Golomb and Herbert Taylor},
	Journal = {Proceedings of the IEEE},
	Month = Sep,
	Number = 9,
	Pages = {1143--1163},
	Title = {Constructions and Properties of {C}ostas Arrays},
	Volume = 72,
	Year = 1984}

@article{chen2004,
	Adsnote = {Provided by the SAO/NASA Astrophysics Data System},
	Adsurl = {http://adsabs.harvard.edu/abs/2004astro.ph..9733C},
	Author = {{Chen}, X.},
	Eprint = {arXiv:astro-ph/0409733},
	Journal = {ArXiv Astrophysics},
	Month = sep,
	Title = {{Angular power spectrum of the galactic synchrotron radiation}},
	Year = 2004}

@article{field1958,
	Author = {{Field}, G.~B.},
	Journal = {Proc. IRE},
	Pages = {240},
	Volume = 46,
	Year = 1958}

@article{madau_et_al1997,
	Adsnote = {Provided by the SAO/NASA Astrophysics Data System},
	Adsurl = {http://adsabs.harvard.edu/abs/1997ApJ...475..429M},
	Author = {{Madau}, P. and {Meiksin}, A. and {Rees}, M.~J.},
	Doi = {10.1086/303549},
	Eprint = {arXiv:astro-ph/9608010},
	Journal = {\apj},
	Keywords = {COSMOLOGY: THEORY, COSMOLOGY: DIFFUSE RADIATION, GALAXIES: INTERGALACTIC MEDIUM, GALAXIES: QUASARS: GENERAL, RADIO LINES: GENERAL},
	Month = feb,
	Pages = {429-+},
	Title = {{21 Centimeter Tomography of the Intergalactic Medium at High Redshift}},
	Volume = 475,
	Year = 1997,
	Bdsk-Url-1 = {http://dx.doi.org/10.1086/303549}}

@article{tegmark_zaldarriaga2009,
	Adsnote = {Provided by the SAO/NASA Astrophysics Data System},
	Adsurl = {http://adsabs.harvard.edu/abs/2009PhRvD..79h3530T},
	Archiveprefix = {arXiv},
	Author = {{Tegmark}, M. and {Zaldarriaga}, M.},
	Doi = {10.1103/PhysRevD.79.083530},
	Eprint = {0805.4414},
	Journal = {\prd},
	Keywords = {Observational cosmology},
	Month = apr,
	Number = 8,
	Pages = {083530-+},
	Title = {{Fast Fourier transform telescope}},
	Volume = 79,
	Year = 2009,
	Bdsk-Url-1 = {http://dx.doi.org/10.1103/PhysRevD.79.083530}}

@article{lonsdale_et_al2009_trunc,
	Adsnote = {Provided by the SAO/NASA Astrophysics Data System},
	Adsurl = {http://adsabs.harvard.edu/abs/2009IEEEP..97.1497L},
	Archiveprefix = {arXiv},
	Author = {{Lonsdale}, C.~J. and {Cappallo}, R.~J. and {Morales}, M.~F. and {Briggs}, F.~H. and {43 co-authors}},
	Date-Modified = {2013-09-12 16:43:22 +0000},
	Doi = {10.1109/JPROC.2009.2017564},
	Eprint = {0903.1828},
	Journal = {IEEE Proceedings},
	Month = aug,
	Pages = {1497-1506},
	Primaryclass = {astro-ph.IM},
	Title = {{The Murchison Widefield Array: Design Overview}},
	Volume = 97,
	Year = 2009,
	Bdsk-Url-1 = {http://dx.doi.org/10.1109/JPROC.2009.2017564}}

@article{rottgering_et_al2006,
	Adsnote = {Provided by the SAO/NASA Astrophysics Data System},
	Adsurl = {http://adsabs.harvard.edu/abs/2006astro.ph.10596R},
	Author = {{Rottgering}, H.~J.~A. and {Braun}, R. and {Barthel}, P.~D. and {van Haarlem}, M.~P. and {Miley}, G.~K. and {Morganti}, R. and {Snellen}, I. and {Falcke}, H. and {de Bruyn}, A.~G. and {Stappers}, R.~B. and {Boland}, W.~H.~W.~M. and {Butcher}, H.~R. and {de Geus}, E.~J. and {Koopmans}, L. and {Fender}, R. and {Kuijpers}, J. and {Schilizzi}, R.~T. and {Vogt}, C. and {Wijers}, R.~A.~M.~J. and {Wise}, M. and {Brouw}, W.~N. and {Hamaker}, J.~P. and {Noordam}, J.~E. and {Oosterloo}, T. and {Bahren}, L. and {Brentjens}, M.~A. and {Wijnholds}, S.~J. and {Bregman}, J.~D. and {van Cappellen}, W.~A. and {Gunst}, A.~W. and {Kant}, G.~W. and {Reitsma}, J. and {van der Schaaf}, K. and {de Vos}, C.~M.},
	Eprint = {arXiv:astro-ph/0610596},
	Journal = {ArXiv Astrophysics},
	Keywords = {Astrophysics},
	Month = oct,
	Title = {{LOFAR - Opening up a new window on the Universe}},
	Year = 2006}

@book{astro2010,
	Author = {{{Committee for a Decadal Survey of A\&A; NRC}}},
	Publisher = {Natl. Academies Press},
	Title = {New Worlds, New Horizons in Astronomy and Astrophysics},
	Year = 2010}

@article{park_et_al2003,
	Adsnote = {Provided by the SAO/NASA Astrophysics Data System},
	Adsurl = {http://adsabs.harvard.edu/abs/2003ApJ...589...67P},
	Author = {{Park}, {C.-G.} and {Ng}, {K.-W.} and {Park}, C. and {Liu}, {G.-C.} and {Umetsu}, K.},
	Doi = {10.1086/374638},
	Eprint = {arXiv:astro-ph/0209491},
	Journal = {\apj},
	Keywords = {Cosmology: Cosmic Microwave Background, Cosmology: Theory, Techniques: Interferometric},
	Month = may,
	Pages = {67-81},
	Title = {{Observational Strategies of Cosmic Microwave Background Temperature and Polarization Interferometry Experiments}},
	Volume = 589,
	Year = 2003,
	Bdsk-Url-1 = {http://dx.doi.org/10.1086/374638}}

@article{liu_et_al2010,
	Adsnote = {Provided by the SAO/NASA Astrophysics Data System},
	Adsurl = {http://adsabs.harvard.edu/abs/2010MNRAS.408.1029L},
	Archiveprefix = {arXiv},
	Author = {{Liu}, A. and {Tegmark}, M. and {Morrison}, S. and {Lutomirski}, A. and {Zaldarriaga}, M.},
	Doi = {10.1111/j.1365-2966.2010.17174.x},
	Eprint = {1001.5268},
	Journal = {\mnras},
	Keywords = {instrumentation: interferometers, methods: data analysis, cosmology: observations, radio continuum: general},
	Month = oct,
	Pages = {1029-1050},
	Primaryclass = {astro-ph.IM},
	Title = {{Precision calibration of radio interferometers using redundant baselines}},
	Volume = 408,
	Year = 2010,
	Bdsk-Url-1 = {http://dx.doi.org/10.1111/j.1365-2966.2010.17174.x}}

@article{devilliers2007,
	Adsnote = {Provided by the SAO/NASA Astrophysics Data System},
	Adsurl = {http://adsabs.harvard.edu/abs/2007A%26A...469..793D},
	Author = {{de Villiers}, M.},
	Doi = {10.1051/0004-6361:20077351},
	Journal = {\aap},
	Keywords = {instrumentation: interferometers, methods: numerical},
	Month = jul,
	Pages = {793-797},
	Title = {{Interferometric array layout design by tomographic projection}},
	Volume = 469,
	Year = 2007,
	Bdsk-Url-1 = {http://dx.doi.org/10.1051/0004-6361:20077351}}

@article{keto1997,
	Adsnote = {Provided by the SAO/NASA Astrophysics Data System},
	Adsurl = {http://adsabs.harvard.edu/abs/1997ApJ...475..843K},
	Author = {{Keto}, E.},
	Doi = {10.1086/303545},
	Journal = {\apj},
	Keywords = {INSTRUMENTATION: INTERFEROMETERS},
	Month = feb,
	Pages = {843-+},
	Title = {{The Shapes of Cross-Correlation Interferometers}},
	Volume = 475,
	Year = 1997,
	Bdsk-Url-1 = {http://dx.doi.org/10.1086/303545}}

@article{jacobs_et_al2011,
	Adsnote = {Provided by the SAO/NASA Astrophysics Data System},
	Adsurl = {http://adsabs.harvard.edu/abs/2011ApJ...734L..34J},
	Archiveprefix = {arXiv},
	Author = {{Jacobs}, D.~C. and {Aguirre}, J.~E. and {Parsons}, A.~R. and {Pober}, J.~C. and {Bradley}, R.~F. and {Carilli}, C.~L. and {Gugliucci}, N.~E. and {Manley}, J.~R. and {van der Merwe}, C. and {Moore}, D.~F. and {Parashare}, C.~R.},
	Doi = {10.1088/2041-8205/734/2/L34},
	Eid = {L34},
	Eprint = {1105.1367},
	Journal = {\apjl},
	Keywords = {catalogs, dark ages, reionization, first stars, instrumentation: interferometers},
	Month = jun,
	Pages = {L34},
	Primaryclass = {astro-ph.CO},
	Title = {{New 145 MHz Source Measurements by PAPER in the Southern Sky}},
	Volume = 734,
	Year = 2011,
	Bdsk-Url-1 = {http://dx.doi.org/10.1088/2041-8205/734/2/L34}}

@article{pober_et_al2011,
	Adsnote = {Provided by the SAO/NASA Astrophysics Data System},
	Adsurl = {http://adsabs.harvard.edu/abs/2011arXiv1111.2882P},
	Archiveprefix = {arXiv},
	Author = {{Pober}, J.~C. and {Parsons}, A.~R. and {Jacobs}, D.~C. and {Aguirre}, J.~E. and {Bradley}, R.~F. and {Carilli}, C.~L. and {Gugliucci}, N.~E. and {Moore}, D.~F. and {Parashare}, C.~R.},
	Eprint = {1111.2882},
	Journal = {ArXiv},
	Keywords = {Astrophysics - Instrumentation and Methods for Astrophysics},
	Month = nov,
	Primaryclass = {astro-ph.IM},
	Title = {{A Technique for Primary Beam Calibration of Drift-Scanning, Wide-Field Antenna Elements}},
	Year = 2011}

@article{slee1995,
	Adsnote = {Provided by the SAO/NASA Astrophysics Data System},
	Adsurl = {http://adsabs.harvard.edu/abs/1995AuJPh..48..143S},
	Author = {{Slee}, O.~B.},
	Journal = {Australian Journal of Physics},
	Keywords = {GALACTIC CLUSTERS, RADIO ASTRONOMY, RADIO OBSERVATION, RADIO SOURCES (ASTRONOMY), TABLES (DATA), ARRAYS, DATA REDUCTION, SKY SURVEYS (ASTRONOMY)},
	Pages = {143-186},
	Title = {{Radio sources observed with the Culgoora circular array}},
	Volume = 48,
	Year = 1995}

@article{helmboldt_et_al2008,
	Adsnote = {Provided by the SAO/NASA Astrophysics Data System},
	Adsurl = {http://adsabs.harvard.edu/abs/2008ApJS..174..313H},
	Archiveprefix = {arXiv},
	Author = {{Helmboldt}, J.~F. and {Kassim}, N.~E. and {Cohen}, A.~S. and {Lane}, W.~M. and {Lazio}, T.~J.},
	Doi = {10.1086/521829},
	Eprint = {0707.3418},
	Journal = {\apjs},
	Keywords = {Catalogs, Radio Continuum: General, Surveys},
	Month = feb,
	Pages = {313-336},
	Title = {{Radio Frequency Spectra of 388 Bright 74 MHz Sources}},
	Volume = 174,
	Year = 2008,
	Bdsk-Url-1 = {http://dx.doi.org/10.1086/521829}}

@article{golap_et_al1998,
	Adsnote = {Provided by the SAO/NASA Astrophysics Data System},
	Adsurl = {http://adsabs.harvard.edu/abs/1998JApA...19...35G},
	Author = {{Golap}, K. and {Shankar}, N.~U. and {Sachdev}, S. and {Dodson}, R. and {Sastry}, C.~V.},
	Doi = {10.1007/BF02714890},
	Eprint = {arXiv:astro-ph/9808062},
	Journal = {Journal of Astrophysics and Astronomy},
	Keywords = {Radio Telescopes: Sky Surveys},
	Month = dec,
	Pages = {35-53},
	Title = {{A low frequency radio telescope at Mauritius for a southern sky survey.}},
	Volume = 19,
	Year = 1998,
	Bdsk-Url-1 = {http://dx.doi.org/10.1007/BF02714890}}

@inproceedings{parashare_bradley2009,
	Adsnote = {Provided by the SAO/NASA Astrophysics Data System},
	Adsurl = {http://adsabs.harvard.edu/abs/2009ursi.confE..13P},
	Author = {{Parashare}, C.~R. and {Bradley}, R.~F.},
	Booktitle = {2009 USNC/URSI Annual Meeting},
	Eid = {13},
	Month = jan,
	Title = {{Gain Stabilization Techniques for PAPER}},
	Year = 2009}

@article{deolivieracosta_et_al2008,
	Adsnote = {Provided by the SAO/NASA Astrophysics Data System},
	Adsurl = {http://adsabs.harvard.edu/abs/2008MNRAS.388..247D},
	Archiveprefix = {arXiv},
	Author = {{de Oliveira-Costa}, A. and {Tegmark}, M. and {Gaensler}, B.~M. and {Jonas}, J. and {Landecker}, T.~L. and {Reich}, P.},
	Doi = {10.1111/j.1365-2966.2008.13376.x},
	Eprint = {0802.1525},
	Journal = {\mnras},
	Keywords = {methods: data analysis , astronomical data bases: miscellaneous , ISM: structure , diffuse radiation , radio continuum: ISM},
	Month = jul,
	Pages = {247-260},
	Title = {{A model of diffuse Galactic radio emission from 10 MHz to 100 GHz}},
	Volume = 388,
	Year = 2008,
	Bdsk-Url-1 = {http://dx.doi.org/10.1111/j.1365-2966.2008.13376.x}}

@article{morales_matejek2009,
	Adsnote = {Provided by the SAO/NASA Astrophysics Data System},
	Adsurl = {http://adsabs.harvard.edu/abs/2009MNRAS.400.1814M},
	Archiveprefix = {arXiv},
	Author = {{Morales}, M.~F. and {Matejek}, M.},
	Doi = {10.1111/j.1365-2966.2009.15537.x},
	Eprint = {0810.5107},
	Journal = {\mnras},
	Keywords = {instrumentation: interferometers , techniques: interferometric , cosmology: miscellaneous},
	Month = dec,
	Pages = {1814-1820},
	Title = {{Software holography: interferometric data analysis for the challenges of next generation observatories}},
	Volume = 400,
	Year = 2009,
	Bdsk-Url-1 = {http://dx.doi.org/10.1111/j.1365-2966.2009.15537.x}}

@article{harris1978,
	Adsnote = {Provided by the SAO/NASA Astrophysics Data System},
	Adsurl = {http://adsabs.harvard.edu/abs/1978IEEEP..66...51H},
	Author = {{Harris}, F.~J.},
	Journal = {IEEE Proceedings},
	Keywords = {POWER SPECTRA, APPLIED MATHEMATICS},
	Pages = {51-83},
	Title = {{On the Use of Windows for Harmonic Analysis with the Discrete Fourier Transform}},
	Volume = 66,
	Year = 1978}

@article{parsons_et_al2012a,
	Adsnote = {Provided by the SAO/NASA Astrophysics Data System},
	Adsurl = {http://adsabs.harvard.edu/abs/2012ApJ...753...81P},
	Archiveprefix = {arXiv},
	Author = {{Parsons}, A. and {Pober}, J. and {McQuinn}, M. and {Jacobs}, D. and {Aguirre}, J.},
	Doi = {10.1088/0004-637X/753/1/81},
	Eid = {81},
	Eprint = {1103.2135},
	Journal = {\apj},
	Keywords = {cosmology: observations, instrumentation: interferometers, methods: observational, techniques: interferometric, telescopes},
	Month = jul,
	Pages = {81},
	Primaryclass = {astro-ph.IM},
	Title = {{A Sensitivity and Array-configuration Study for Measuring the Power Spectrum of 21 cm Emission from Reionization}},
	Volume = 753,
	Year = 2012,
	Bdsk-Url-1 = {http://dx.doi.org/10.1088/0004-637X/753/1/81}}

@article{parsons_et_al2012b,
	Adsnote = {Provided by the SAO/NASA Astrophysics Data System},
	Adsurl = {http://adsabs.harvard.edu/abs/2012ApJ...756..165P},
	Archiveprefix = {arXiv},
	Author = {{Parsons}, A.~R. and {Pober}, J.~C. and {Aguirre}, J.~E. and {Carilli}, C.~L. and {Jacobs}, D.~C. and {Moore}, D.~F.},
	Doi = {10.1088/0004-637X/756/2/165},
	Eid = {165},
	Eprint = {1204.4749},
	Journal = {\apj},
	Keywords = {cosmology: observations, instrumentation: interferometers, radio continuum: general, site testing, techniques: interferometric, telescopes},
	Month = sep,
	Pages = {165},
	Primaryclass = {astro-ph.IM},
	Title = {{A Per-baseline, Delay-spectrum Technique for Accessing the 21 cm Cosmic Reionization Signature}},
	Volume = 756,
	Year = 2012,
	Bdsk-Url-1 = {http://dx.doi.org/10.1088/0004-637X/756/2/165}}

@article{pober_et_al2012,
	Adsnote = {Provided by the SAO/NASA Astrophysics Data System},
	Adsurl = {http://adsabs.harvard.edu/abs/2012AJ....143...53P},
	Archiveprefix = {arXiv},
	Author = {{Pober}, J.~C. and {Parsons}, A.~R. and {Jacobs}, D.~C. and {Aguirre}, J.~E. and {Bradley}, R.~F. and {Carilli}, C.~L. and {Gugliucci}, N.~E. and {Moore}, D.~F. and {Parashare}, C.~R.},
	Doi = {10.1088/0004-6256/143/2/53},
	Eid = {53},
	Eprint = {1111.2882},
	Journal = {\aj},
	Keywords = {instrumentation: interferometers, methods: miscellaneous, techniques: interferometric},
	Month = feb,
	Pages = {53},
	Primaryclass = {astro-ph.IM},
	Title = {{A Technique for Primary Beam Calibration of Drift-scanning, Wide-field Antenna Elements}},
	Volume = 143,
	Year = 2012,
	Bdsk-Url-1 = {http://dx.doi.org/10.1088/0004-6256/143/2/53}}

@article{sullivan_et_al2012_trunc,
	Adsnote = {Provided by the SAO/NASA Astrophysics Data System},
	Adsurl = {http://adsabs.harvard.edu/abs/2012ApJ...759...17S},
	Archiveprefix = {arXiv},
	Author = {{Sullivan}, I.~S. and {Morales}, M.~F. and {Hazelton}, B.~J. and {Arcus}, W. and {Barnes}, D. and {Bernardi}, G. and {Briggs}, F.~H. and {Bowman}, J.~D. and {44 co-authors}},
	Date-Modified = {2013-09-12 16:43:52 +0000},
	Doi = {10.1088/0004-637X/759/1/17},
	Eid = {17},
	Eprint = {1209.1653},
	Journal = {\apj},
	Keywords = {dark ages, reionization, first stars, techniques: image processing, techniques: interferometric},
	Month = nov,
	Pages = {17},
	Primaryclass = {astro-ph.IM},
	Title = {{Fast Holographic Deconvolution: A New Technique for Precision Radio Interferometry}},
	Volume = 759,
	Year = 2012,
	Bdsk-Url-1 = {http://dx.doi.org/10.1088/0004-637X/759/1/17}}

@article{wieringa1992,
	Adsnote = {Provided by the SAO/NASA Astrophysics Data System},
	Adsurl = {http://adsabs.harvard.edu/abs/1992ExA.....2..203W},
	Author = {{Wieringa}, M.~H.},
	Doi = {10.1007/BF00420576},
	Journal = {Experimental Astronomy},
	Keywords = {CALIBRATING, INSTRUMENT COMPENSATION, INSTRUMENT ERRORS, INTERFEROMETRY, RADIO TELESCOPES, REDUNDANCY, ASTRONOMICAL MAPS, CORRECTION, SIGNAL TO NOISE RATIOS},
	Pages = {203-225},
	Title = {{An investigation of the telescope based calibration methods 'redundancy' and 'self-cal'}},
	Volume = 2,
	Year = 1992,
	Bdsk-Url-1 = {http://dx.doi.org/10.1007/BF00420576}}

@article{paciga_et_al2013,
	Adsnote = {Provided by the SAO/NASA Astrophysics Data System},
	Adsurl = {http://adsabs.harvard.edu/abs/2013MNRAS.tmp.1427P},
	Archiveprefix = {arXiv},
	Author = {{Paciga}, G. and {Albert}, J.~G. and {Bandura}, K. and {Chang}, T.-C. and {Gupta}, Y. and {Hirata}, C. and {Odegova}, J. and {Pen}, U.-L. and {Peterson}, J.~B. and {Roy}, J. and {Shaw}, J.~R. and {Sigurdson}, K. and {Voytek}, T.},
	Doi = {10.1093/mnras/stt753},
	Eprint = {1301.5906},
	Journal = {\mnras},
	Keywords = {intergalactic medium, cosmology: observations, diffuse radiation, radio lines: general},
	Month = may,
	Primaryclass = {astro-ph.CO},
	Title = {{A simulation-calibrated limit on the H I power spectrum from the GMRT Epoch of Reionization experiment}},
	Year = 2013,
	Bdsk-Url-1 = {http://dx.doi.org/10.1093/mnras/stt753}}

@article{pober_et_al2013,
	Adsnote = {Provided by the SAO/NASA Astrophysics Data System},
	Adsurl = {http://adsabs.harvard.edu/abs/2013ApJ...768L..36P},
	Archiveprefix = {arXiv},
	Author = {{Pober}, J.~C. and {Parsons}, A.~R. and {Aguirre}, J.~E. and {Ali}, Z. and {Bradley}, R.~F. and {Carilli}, C.~L. and {DeBoer}, D. and {Dexter}, M. and {Gugliucci}, N.~E. and {Jacobs}, D.~C. and {Klima}, P.~J. and {MacMahon}, D. and {Manley}, J. and {Moore}, D.~F. and {Stefan}, I.~I. and {Walbrugh}, W.~P.},
	Doi = {10.1088/2041-8205/768/2/L36},
	Eid = {L36},
	Eprint = {1301.7099},
	Journal = {\apjl},
	Keywords = {cosmology: observations, dark ages, reionization, first stars, techniques: interferometric},
	Month = may,
	Pages = {L36},
	Primaryclass = {astro-ph.CO},
	Title = {{Opening the 21~cm Epoch of Reionization Window: Measurements of Foreground Isolation with PAPER}},
	Volume = 768,
	Year = 2013,
	Bdsk-Url-1 = {http://dx.doi.org/10.1088/2041-8205/768/2/L36}}

@article{yatawatta_et_al2013,
	Adsnote = {Provided by the SAO/NASA Astrophysics Data System},
	Adsurl = {http://adsabs.harvard.edu/abs/2013A%26A...550A.136Y},
	Archiveprefix = {arXiv},
	Author = {{Yatawatta}, S. and {de Bruyn}, A.~G. and {Brentjens}, M.~A. and {Labropoulos}, P. and {Pandey}, V.~N. and {Kazemi}, S. and {Zaroubi}, S. and {Koopmans}, L.~V.~E. and {Offringa}, A.~R. and {Jeli{\'c}}, V. and {Martinez Rubi}, O. and {Veligatla}, V. and {Wijnholds}, S.~J. and {Brouw}, W.~N. and {Bernardi}, G. and {Ciardi}, B. and {Daiboo}, S. and {Harker}, G. and {Mellema}, G. and {Schaye}, J. and {Thomas}, R. and {Vedantham}, H. and {Chapman}, E. and {Abdalla}, F.~B. and {Alexov}, A. and {Anderson}, J. and {Avruch}, I.~M. and {Batejat}, F. and {Bell}, M.~E. and {Bell}, M.~R. and {Bentum}, M. and {Best}, P. and {Bonafede}, A. and {Bregman}, J. and {Breitling}, F. and {van de Brink}, R.~H. and {Broderick}, J.~W. and {Br{\"u}ggen}, M. and {Conway}, J. and {de Gasperin}, F. and {de Geus}, E. and {Duscha}, S. and {Falcke}, H. and {Fallows}, R.~A. and {Ferrari}, C. and {Frieswijk}, W. and {Garrett}, M.~A. and {Griessmeier}, J.~M. and {Gunst}, A.~W. and {Hassall}, T.~E. and {Hessels}, J.~W.~T. and {Hoeft}
, M. and {Iacobelli}, M. and {Juette}, E. and {Karastergiou}, A. and {Kondratiev}, V.~I. and {Kramer}, M. and {Kuniyoshi}, M. and {Kuper}, G. and {van Leeuwen}, J. and {Maat}, P. and {Mann}, G. and {McKean}, J.~P. and {Mevius}, M. and {Mol}, J.~D. and {Munk}, H. and {Nijboer}, R. and {Noordam}, J.~E. and {Norden}, M.~J. and {Orru}, E. and {Paas}, H. and {Pandey-Pommier}, M. and {Pizzo}, R. and {Polatidis}, A.~G. and {Reich}, W. and {R{\"o}ttgering}, H.~J.~A. and {Sluman}, J. and {Smirnov}, O. and {Stappers}, B. and {Steinmetz}, M. and {Tagger}, M. and {Tang}, Y. and {Tasse}, C. and {ter Veen}, S. and {Vermeulen}, R. and {van Weeren}, R.~J. and {Wise}, M. and {Wucknitz}, O. and {Zarka}, P.},
	Doi = {10.1051/0004-6361/201220874},
	Eid = {A136},
	Eprint = {1301.1630},
	Journal = {\aap},
	Keywords = {dark ages, reionization, first stars, instrumentation: interferometers, techniques: interferometric, methods: data analysis},
	Month = feb,
	Pages = {A136},
	Primaryclass = {astro-ph.IM},
	Title = {{Initial deep LOFAR observations of epoch of reionization windows. I. The north celestial pole}},
	Volume = 550,
	Year = 2013,
	Bdsk-Url-1 = {http://dx.doi.org/10.1051/0004-6361/201220874}}

@article{bowman_et_al2012,
	Adsnote = {Provided by the SAO/NASA Astrophysics Data System},
	Adsurl = {http://adsabs.harvard.edu/abs/2013PASA...30...31B},
	Archiveprefix = {arXiv},
	Author = {{Bowman}, J.~D. and {Cairns}, I. and {Kaplan}, D.~L. and {Murphy}, T. and {Oberoi}, D. and {Staveley-Smith}, L. and {Arcus}, W. and {Barnes}, D.~G. and {Bernardi}, G. and {Briggs}, F.~H. and {Brown}, S. and {Bunton}, J.~D. and {Burgasser}, A.~J. and {Cappallo}, R.~J. and {Chatterjee}, S. and {Corey}, B.~E. and {Coster}, A. and {Deshpande}, A. and {deSouza}, L. and {Emrich}, D. and {Erickson}, P. and {Goeke}, R.~F. and {Gaensler}, B.~M. and {Greenhill}, L.~J. and {Harvey-Smith}, L. and {Hazelton}, B.~J. and {Herne}, D. and {Hewitt}, J.~N. and {Johnston-Hollitt}, M. and {Kasper}, J.~C. and {Kincaid}, B.~B. and {Koenig}, R. and {Kratzenberg}, E. and {Lonsdale}, C.~J. and {Lynch}, M.~J. and {Matthews}, L.~D. and {McWhirter}, S.~R. and {Mitchell}, D.~A. and {Morales}, M.~F. and {Morgan}, E.~H. and {Ord}, S.~M. and {Pathikulangara}, J. and {Prabu}, T. and {Remillard}, R.~A. and {Robishaw}, T. and {Rogers}, A.~E.~E. and {Roshi}, A.~A. and {Salah}, J.~E. and {Sault}, R.~J. and {Shankar}, N.~U. and {
Srivani}, K.~S. and {Stevens}, J.~B. and {Subrahmanyan}, R. and {Tingay}, S.~J. and {Wayth}, R.~B. and {Waterson}, M. and {Webster}, R.~L. and {Whitney}, A.~R. and {Williams}, A.~J. and {Williams}, C.~L. and {Wyithe}, J.~S.~B.},
	Doi = {10.1017/pas.2013.009},
	Eid = {e031},
	Eprint = {1212.5151},
	Journal = {\pasa},
	Keywords = {dark ages, reionisation, first stars, instrumentation: interferometers, radio continuum: general, radio lines: general, Sun: general},
	Month = apr,
	Pages = {31},
	Primaryclass = {astro-ph.IM},
	Title = {{Science with the Murchison Widefield Array}},
	Volume = 30,
	Year = 2013,
	Bdsk-Url-1 = {http://dx.doi.org/10.1017/pas.2013.009}}

@article{tingay_et_al2013_trunc,
	Adsnote = {Provided by the SAO/NASA Astrophysics Data System},
	Adsurl = {http://adsabs.harvard.edu/abs/2013PASA...30....7T},
	Archiveprefix = {arXiv},
	Author = {{Tingay}, S.~J. and {Goeke}, R. and {Bowman}, J.~D. and {58 co-authors}},
	Date-Modified = {2013-09-12 16:44:13 +0000},
	Doi = {10.1017/pasa.2012.007},
	Eid = {e007},
	Eprint = {1206.6945},
	Journal = {\pasa},
	Keywords = {instrumentation: interferometers, techniques: image processing, techniques: interferometric, radio continuum: general, radio lines: general, early Universe},
	Month = jan,
	Pages = {7},
	Primaryclass = {astro-ph.IM},
	Title = {{The Murchison Widefield Array: The Square Kilometre Array Precursor at Low Radio Frequencies}},
	Volume = 30,
	Year = 2013,
	Bdsk-Url-1 = {http://dx.doi.org/10.1017/pasa.2012.007}}

@article{perley_et_al1997,
	Adsnote = {Provided by the SAO/NASA Astrophysics Data System},
	Adsurl = {http://adsabs.harvard.edu/abs/1997A%26A...328...12P},
	Author = {{Perley}, R.~A. and {Roser}, H.-J. and {Meisenheimer}, K.},
	Journal = {\aap},
	Keywords = {ACCELERATION OF PARTICLES, POLARIZATION, RADIATION MECHNISMS: NON-THERMAL, GALAXIES: PICTOR A, RADIO CONTINUUM: GALAXIES},
	Month = dec,
	Pages = {12-32},
	Title = {{The radio galaxy PictorA -- a study with the VLA}},
	Volume = 328,
	Year = 1997}

@article{kuhr_et_al1981,
	Adsnote = {Provided by the SAO/NASA Astrophysics Data System},
	Adsurl = {http://adsabs.harvard.edu/abs/1981A%26AS...45..367K},
	Author = {{Kuehr}, H. and {Witzel}, A. and {Pauliny-Toth}, I.~I.~K. and {Nauber}, U.},
	Journal = {\aaps},
	Keywords = {ASTRONOMICAL CATALOGS, CENTIMETER WAVES, EXTRAGALACTIC RADIO SOURCES, GALACTIC RADIO WAVES, RADIANT FLUX DENSITY, RADIO SPECTRA},
	Month = sep,
	Pages = {367-430},
	Title = {{A catalogue of extragalactic radio sources having flux densities greater than 1 Jy at 5 GHz}},
	Volume = 45,
	Year = 1981}

@article{burgess_hunstead2006,
	Adsnote = {Provided by the SAO/NASA Astrophysics Data System},
	Adsurl = {http://adsabs.harvard.edu/abs/2006AJ....131..100B},
	Author = {{Burgess}, A.~M. and {Hunstead}, R.~W.},
	Doi = {10.1086/498677},
	Eprint = {arXiv:astro-ph/0512588},
	Journal = {\aj},
	Keywords = {Galaxies: Active, Radio Continuum: Galaxies, Surveys},
	Month = jan,
	Pages = {100-113},
	Title = {{The Molonglo Southern 4 Jy Sample (MS4). I. Definition}},
	Volume = 131,
	Year = 2006,
	Bdsk-Url-1 = {http://dx.doi.org/10.1086/498677}}

@article{large_et_al1981,
	Adsnote = {Provided by the SAO/NASA Astrophysics Data System},
	Adsurl = {http://adsabs.harvard.edu/abs/1981MNRAS.194..693L},
	Author = {{Large}, M.~I. and {Mills}, B.~Y. and {Little}, A.~G. and {Crawford}, D.~F. and {Sutton}, J.~M.},
	Journal = {\mnras},
	Month = feb,
	Pages = {693},
	Title = {{The Molonglo Reference Catalogue of Radio Sources}},
	Volume = 194,
	Year = 1981}

@article{iliev_et_al2008,
	Adsnote = {Provided by the SAO/NASA Astrophysics Data System},
	Adsurl = {http://adsabs.harvard.edu/abs/2008MNRAS.384..863I},
	Author = {{Iliev}, I.~T. and {Mellema}, G. and {Pen}, U.-L. and {Bond}, J.~R. and {Shapiro}, P.~R.},
	Doi = {10.1111/j.1365-2966.2007.12629.x},
	Eprint = {arXiv:astro-ph/0702099},
	Journal = {\mnras},
	Keywords = {radiative transfer, methods: numerial, galaxies: formation, galaxies: high-redshift, intergalactic medium, cosmology: theory},
	Month = mar,
	Pages = {863-874},
	Title = {{Current models of the observable consequences of cosmic reionization and their detectability}},
	Volume = 384,
	Year = 2008,
	Bdsk-Url-1 = {http://dx.doi.org/10.1111/j.1365-2966.2007.12629.x}}

@article{mesinger_et_al2011,
	Adsnote = {Provided by the SAO/NASA Astrophysics Data System},
	Adsurl = {http://adsabs.harvard.edu/abs/2011MNRAS.411..955M},
	Archiveprefix = {arXiv},
	Author = {{Mesinger}, A. and {Furlanetto}, S. and {Cen}, R.},
	Doi = {10.1111/j.1365-2966.2010.17731.x},
	Eprint = {1003.3878},
	Journal = {\mnras},
	Keywords = {methods: numerical, galaxies: high redshift, dark ages, reionization, first stars, diffuse radiation, early Universe, large-scale structure of Universe},
	Month = feb,
	Pages = {955-972},
	Primaryclass = {astro-ph.CO},
	Title = {{21CMFAST: a fast, seminumerical simulation of the high-redshift 21-cm signal}},
	Volume = 411,
	Year = 2011,
	Bdsk-Url-1 = {http://dx.doi.org/10.1111/j.1365-2966.2010.17731.x}}

@article{santos_et_al2008,
	Adsnote = {Provided by the SAO/NASA Astrophysics Data System},
	Adsurl = {http://adsabs.harvard.edu/abs/2008ApJ...689....1S},
	Archiveprefix = {arXiv},
	Author = {{Santos}, M.~G. and {Amblard}, A. and {Pritchard}, J. and {Trac}, H. and {Cen}, R. and {Cooray}, A.},
	Doi = {10.1086/592487},
	Eprint = {0708.2424},
	Journal = {\apj},
	Keywords = {Cosmology: Theory, Cosmology: Diffuse Radiation, Cosmology: Large-Scale Structure of Universe},
	Month = dec,
	Pages = {1-16},
	Title = {{Cosmic Reionization and the 21 cm Signal: Comparison between an Analytical Model and a Simulation}},
	Volume = 689,
	Year = 2008,
	Bdsk-Url-1 = {http://dx.doi.org/10.1086/592487}}

@article{moore_et_al2013,
	Adsnote = {Provided by the SAO/NASA Astrophysics Data System},
	Adsurl = {http://adsabs.harvard.edu/abs/2013ApJ...769..154M},
	Archiveprefix = {arXiv},
	Author = {{Moore}, D.~F. and {Aguirre}, J.~E. and {Parsons}, A.~R. and {Jacobs}, D.~C. and {Pober}, J.~C.},
	Doi = {10.1088/0004-637X/769/2/154},
	Eid = {154},
	Eprint = {1302.0876},
	Journal = {\apj},
	Keywords = {cosmology: observations, instrumentation: interferometers, instrumentation: polarimeters},
	Month = jun,
	Pages = {154},
	Primaryclass = {astro-ph.CO},
	Title = {{The Effects of Polarized Foregrounds on 21~cm Epoch of Reionization Power Spectrum Measurements}},
	Volume = 769,
	Year = 2013,
	Bdsk-Url-1 = {http://dx.doi.org/10.1088/0004-637X/769/2/154}}

@article{jelic_et_al2008,
	Adsnote = {Provided by the SAO/NASA Astrophysics Data System},
	Adsurl = {http://adsabs.harvard.edu/abs/2008MNRAS.389.1319J},
	Archiveprefix = {arXiv},
	Author = {{Jeli{\'c}}, V. and {Zaroubi}, S. and {Labropoulos}, P. and {Thomas}, R.~M. and {Bernardi}, G. and {Brentjens}, M.~A. and {de Bruyn}, A.~G. and {Ciardi}, B. and {Harker}, G. and {Koopmans}, L.~V.~E. and {Pandey}, V.~N. and {Schaye}, J. and {Yatawatta}, S.},
	Doi = {10.1111/j.1365-2966.2008.13634.x},
	Eprint = {0804.1130},
	Journal = {\mnras},
	Keywords = {instrumentation: interferometers , cosmology: observation , cosmology: theory , diffuse radiation , radio continuum: general , radio lines: general},
	Month = sep,
	Pages = {1319-1335},
	Title = {{Foreground simulations for the LOFAR-epoch of reionization experiment}},
	Volume = 389,
	Year = 2008,
	Bdsk-Url-1 = {http://dx.doi.org/10.1111/j.1365-2966.2008.13634.x}}

@article{jelic_et_al2010,
	Adsnote = {Provided by the SAO/NASA Astrophysics Data System},
	Adsurl = {http://adsabs.harvard.edu/abs/2010MNRAS.409.1647J},
	Archiveprefix = {arXiv},
	Author = {{Jeli{\'c}}, V. and {Zaroubi}, S. and {Labropoulos}, P. and {Bernardi}, G. and {de Bruyn}, A.~G. and {Koopmans}, L.~V.~E.},
	Doi = {10.1111/j.1365-2966.2010.17407.x},
	Eprint = {1007.4135},
	Journal = {\mnras},
	Keywords = {polarization, radiation mechanisms: non-thermal, instrumentation: interferometers, cosmology: observations, radio continuum: general},
	Month = dec,
	Pages = {1647-1659},
	Primaryclass = {astro-ph.GA},
	Title = {{Realistic simulations of the Galactic polarized foreground: consequences for 21-cm reionization detection experiments}},
	Volume = 409,
	Year = 2010,
	Bdsk-Url-1 = {http://dx.doi.org/10.1111/j.1365-2966.2010.17407.x}}

@article{shaw_et_al2013,
	Adsnote = {Provided by the SAO/NASA Astrophysics Data System},
	Adsurl = {http://adsabs.harvard.edu/abs/2013arXiv1302.0327S},
	Archiveprefix = {arXiv},
	Author = {{Shaw}, J.~R. and {Sigurdson}, K. and {Pen}, U.-L. and {Stebbins}, A. and {Sitwell}, M.},
	Eprint = {1302.0327},
	Journal = {ArXiv},
	Keywords = {Astrophysics - Cosmology and Extragalactic Astrophysics},
	Month = feb,
	Primaryclass = {astro-ph.CO},
	Title = {{All-Sky Interferometry with Spherical Harmonic Transit Telescopes}},
	Year = 2013}

@article{hazelton_et_al2013,
	Adsnote = {Provided by the SAO/NASA Astrophysics Data System},
	Adsurl = {http://adsabs.harvard.edu/abs/2013arXiv1301.3126H},
	Archiveprefix = {arXiv},
	Author = {{Hazelton}, B.~J. and {Morales}, M.~F. and {Sullivan}, I.~S.},
	Eprint = {1301.3126},
	Journal = {ArXiv},
	Keywords = {Astrophysics - Instrumentation and Methods for Astrophysics, Astrophysics - Cosmology and Extragalactic Astrophysics},
	Month = jan,
	Primaryclass = {astro-ph.IM},
	Title = {{The Fundamental Multi-Baseline Mode-Mixing Foreground in 21 cm EoR Observations}},
	Year = 2013}

@article{stefan_et_al2013,
	Adsnote = {Provided by the SAO/NASA Astrophysics Data System},
	Adsurl = {http://adsabs.harvard.edu/abs/2013MNRAS.tmp.1197S},
	Archiveprefix = {arXiv},
	Author = {{Stefan}, I.~I. and {Carilli}, C.~L. and {Green}, D.~A. and {Ali}, Z. and {Aguirre}, J.~E. and {Bradley}, R.~F. and {DeBoer}, D. and {Dexter}, M. and {Gugliucci}, N.~E. and {Harris}, D.~E. and {Jacobs}, D.~C. and {Klima}, P. and {MacMahon}, D. and {Manley}, J. and {Moore}, D.~F. and {Parsons}, A.~R. and {Pober}, J.~C. and {Walbrugh}, W.~P.},
	Doi = {10.1093/mnras/stt548},
	Eprint = {1212.1624},
	Journal = {\mnras},
	Keywords = {instrumentation: interferometers, galaxies: active, galaxies: individual: Centaurus A, galaxies: structure, X-rays: galaxies},
	Month = apr,
	Primaryclass = {astro-ph.CO},
	Title = {{Imaging on PAPER: Centaurus A at 148 MHz}},
	Year = 2013,
	Bdsk-Url-1 = {http://dx.doi.org/10.1093/mnras/stt548}}

@article{dillon_et_al2013a,
	Adsnote = {Provided by the SAO/NASA Astrophysics Data System},
	Adsurl = {http://adsabs.harvard.edu/abs/2013PhRvD..87d3005D},
	Archiveprefix = {arXiv},
	Author = {{Dillon}, J.~S. and {Liu}, A. and {Tegmark}, M.},
	Doi = {10.1103/PhysRevD.87.043005},
	Eid = {043005},
	Eprint = {1211.2232},
	Journal = {\prd},
	Keywords = {Observation and data reduction techniques; computer modeling and simulation, Mathematical procedures and computer techniques, Cosmology, Observational cosmology},
	Month = feb,
	Number = 4,
	Pages = {043005},
	Primaryclass = {astro-ph.CO},
	Title = {{A fast method for power spectrum and foreground analysis for 21 cm cosmology}},
	Volume = 87,
	Year = 2013,
	Bdsk-Url-1 = {http://dx.doi.org/10.1103/PhysRevD.87.043005}}

@article{liu_tegmark2011,
	Adsnote = {Provided by the SAO/NASA Astrophysics Data System},
	Adsurl = {http://adsabs.harvard.edu/abs/2011PhRvD..83j3006L},
	Archiveprefix = {arXiv},
	Author = {{Liu}, A. and {Tegmark}, M.},
	Doi = {10.1103/PhysRevD.83.103006},
	Eid = {103006},
	Eprint = {1103.0281},
	Journal = {\prd},
	Keywords = {Observation and data reduction techniques; computer modeling and simulation, Mathematical procedures and computer techniques, Observational cosmology},
	Month = may,
	Number = 10,
	Pages = {103006},
	Primaryclass = {astro-ph.CO},
	Title = {{A method for 21 cm power spectrum estimation in the presence of foregrounds}},
	Volume = 83,
	Year = 2011,
	Bdsk-Url-1 = {http://dx.doi.org/10.1103/PhysRevD.83.103006}}

@article{tegmark_et_al1998,
	Adsnote = {Provided by the SAO/NASA Astrophysics Data System},
	Adsurl = {http://adsabs.harvard.edu/abs/1998ApJ...499..555T},
	Author = {{Tegmark}, M. and {Hamilton}, A.~J.~S. and {Strauss}, M.~A. and {Vogeley}, M.~S. and {Szalay}, A.~S.},
	Doi = {10.1086/305663},
	Eprint = {arXiv:astro-ph/9708020},
	Journal = {\apj},
	Keywords = {GALAXIES: DISTANCES AND REDSHIFTS, GALAXIES: PHOTOMETRY, METHODS: NUMERICAL},
	Month = may,
	Pages = {555},
	Title = {{Measuring the Galaxy Power Spectrum with Future Redshift Surveys}},
	Volume = 499,
	Year = 1998,
	Bdsk-Url-1 = {http://dx.doi.org/10.1086/305663}}

@article{jacobs_et_al2013,
	Adsnote = {Provided by the SAO/NASA Astrophysics Data System},
	Adsurl = {http://adsabs.harvard.edu/abs/2012arXiv1212.1624S},
	Archiveprefix = {arXiv},
	Author = {{Jacobs}, D.~C. and {Aguirre}, J.~E. and {Parsons}, A.~R. and {Pober}, J.~C. and {Bradley}, R.~F. and {Carilli}, C.~L. and {Gugliucci}, N.~E. and {Manley}, J.~R. and {van der Merwe}, C. and {Moore}, D.~F. and {Parashare}, C.~R.},
	Eprint = {XXX.XXX},
	Journal = {ArXiv},
	Keywords = {Astrophysics - Cosmology and Extragalactic Astrophysics},
	Month = apr,
	Primaryclass = {astro-ph.CO},
	Title = {{The Reionization Flux Scale in the Southern Sky}},
	Year = 2013}

@article{tegmark1997,
	Adsnote = {Provided by the SAO/NASA Astrophysics Data System},
	Adsurl = {http://adsabs.harvard.edu/abs/1997PhRvD..55.5895T},
	Author = {{Tegmark}, M.},
	Doi = {10.1103/PhysRevD.55.5895},
	Eprint = {arXiv:astro-ph/9611174},
	Journal = {\prd},
	Keywords = {Background radiations, Origin and formation of the Universe, Observational cosmology},
	Month = may,
	Pages = {5895-5907},
	Title = {{How to measure CMB power spectra without losing information}},
	Volume = 55,
	Year = 1997,
	Bdsk-Url-1 = {http://dx.doi.org/10.1103/PhysRevD.55.5895}}

@article{pritchard_loeb2010,
	Adsnote = {Provided by the SAO/NASA Astrophysics Data System},
	Adsurl = {http://adsabs.harvard.edu/abs/2010PhRvD..82b3006P},
	Archiveprefix = {arXiv},
	Author = {{Pritchard}, J.~R. and {Loeb}, A.},
	Doi = {10.1103/PhysRevD.82.023006},
	Eid = {023006},
	Eprint = {1005.4057},
	Journal = {\prd},
	Keywords = {Background radiations, Dark matter, Characteristics and properties of external galaxies and extragalactic objects},
	Month = jul,
	Number = 2,
	Pages = {023006},
	Primaryclass = {astro-ph.CO},
	Title = {{Constraining the unexplored period between the dark ages and reionization with observations of the global 21 cm signal}},
	Volume = 82,
	Year = 2010,
	Bdsk-Url-1 = {http://dx.doi.org/10.1103/PhysRevD.82.023006}}

@article{mcquinn_oleary2012,
	Adsnote = {Provided by the SAO/NASA Astrophysics Data System},
	Adsurl = {http://adsabs.harvard.edu/abs/2012ApJ...760....3M},
	Archiveprefix = {arXiv},
	Author = {{McQuinn}, M. and {O'Leary}, R.~M.},
	Doi = {10.1088/0004-637X/760/1/3},
	Eid = {3},
	Eprint = {1204.1345},
	Journal = {\apj},
	Keywords = {cosmology: theory, dark ages, reionization, first stars, galaxies: formation, galaxies: high-redshift, stars: Population III},
	Month = nov,
	Pages = {3},
	Primaryclass = {astro-ph.CO},
	Title = {{The Impact of the Supersonic Baryon-Dark Matter Velocity Difference on the z \~{} 20 21 cm Background}},
	Volume = 760,
	Year = 2012,
	Bdsk-Url-1 = {http://dx.doi.org/10.1088/0004-637X/760/1/3}}

@article{ord_et_al2010,
	Adsnote = {Provided by the SAO/NASA Astrophysics Data System},
	Adsurl = {http://adsabs.harvard.edu/abs/2010PASP..122.1353O},
	Archiveprefix = {arXiv},
	Author = {{Ord}, S.~M. and {Mitchell}, D.~A. and {Wayth}, R.~B. and {Greenhill}, L.~J. and {Bernardi}, G. and {Gleadow}, S. and {Edgar}, R.~G. and {Clark}, M.~A. and {Allen}, G. and {Arcus}, W. and {Benkevitch}, L. and {Bowman}, J.~D. and {Briggs}, F.~H. and {Bunton}, J.~D. and {Burns}, S. and {Cappallo}, R.~J. and {Coles}, W.~A. and {Corey}, B.~E. and {Desouza}, L. and {Doeleman}, S.~S. and {Derome}, M. and {Deshpande}, A. and {Emrich}, D. and {Goeke}, R. and {Gopalakrishna}, M.~R. and {Herne}, D. and {Hewitt}, J.~N. and {Kamini}, P.~A. and {Kaplan}, D.~L. and {Kasper}, J.~C. and {Kincaid}, B.~B. and {Kocz}, J. and {Kowald}, E. and {Kratzenberg}, E. and {Kumar}, D. and {Lonsdale}, C.~J. and {Lynch}, M.~J. and {McWhirter}, S.~R. and {Madhavi}, S. and {Matejek}, M. and {Morales}, M.~F. and {Morgan}, E. and {Oberoi}, D. and {Pathikulangara}, J. and {Prabu}, T. and {Rogers}, A.~E.~E. and {Roshi}, A. and {Salah}, J.~E. and {Schinkel}, A. and {Udaya Shankar}, N. and {Srivani}, K.~S. and {Stevens}, J. and {Tingay}
, S.~J. and {Vaccarella}, A. and {Waterson}, M. and {Webster}, R.~L. and {Whitney}, A.~R. and {Williams}, A. and {Williams}, C.},
	Doi = {10.1086/657160},
	Eprint = {1010.1733},
	Journal = {\pasp},
	Keywords = {Astronomical Techniques},
	Month = nov,
	Pages = {1353-1366},
	Primaryclass = {astro-ph.IM},
	Title = {{Interferometric Imaging with the 32 Element Murchison Wide-Field Array}},
	Volume = 122,
	Year = 2010,
	Bdsk-Url-1 = {http://dx.doi.org/10.1086/657160}}

@article{dillon_et_al2013b,
	Adsnote = {Provided by the SAO/NASA Astrophysics Data System},
	Adsurl = {http://adsabs.harvard.edu/abs/2013arXiv1304.4229D},
	Archiveprefix = {arXiv},
	Author = {{Dillon}, J.~S. and {Liu}, A. and {Williams}, C.~L. and {Hewitt}, J.~N. and {Tegmark}, M. and {Morgan}, E.~H. and {Levine}, A.~M. and {Morales}, M.~F. and {Tingay}, S.~J. and {Bernardi}, G. and {Bowman}, J.~D. and {Briggs}, F.~H. and {Emrich}, D. and {Mitchell}, D.~A. and {Oberoi}, D. and {Prabu}, T. and {Wayth}, R. and {Webster}, R.~L.},
	Eprint = {1304.4229},
	Journal = {ArXiv},
	Keywords = {Astrophysics - Cosmology and Extragalactic Astrophysics},
	Month = apr,
	Primaryclass = {astro-ph.CO},
	Title = {{Overcoming real-world obstacles in 21 cm power spectrum estimation: A method demonstration and results from early Murchison Widefield Array data}},
	Year = 2013}

@article{zaldarriaga_et_al2004,
	Adsnote = {Provided by the SAO/NASA Astrophysics Data System},
	Adsurl = {http://adsabs.harvard.edu/abs/2004ApJ...608..622Z},
	Author = {{Zaldarriaga}, M. and {Furlanetto}, S.~R. and {Hernquist}, L.},
	Doi = {10.1086/386327},
	Eprint = {arXiv:astro-ph/0311514},
	Journal = {\apj},
	Keywords = {Cosmology: Theory, Cosmology: Diffuse Radiation, Galaxies: Intergalactic Medium},
	Month = jun,
	Pages = {622-635},
	Title = {{21 Centimeter Fluctuations from Cosmic Gas at High Redshifts}},
	Volume = 608,
	Year = 2004,
	Bdsk-Url-1 = {http://dx.doi.org/10.1086/386327}}

@article{planck_et_al2013,
	Adsnote = {Provided by the SAO/NASA Astrophysics Data System},
	Adsurl = {http://adsabs.harvard.edu/abs/2013arXiv1303.5076P},
	Archiveprefix = {arXiv},
	Author = {{Planck Collaboration} and {Ade}, P.~A.~R. and {Aghanim}, N. and {Armitage-Caplan}, C. and {Arnaud}, M. and {Ashdown}, M. and {Atrio-Barandela}, F. and {Aumont}, J. and {Baccigalupi}, C. and {Banday}, A.~J. and et al.},
	Eprint = {1303.5076},
	Journal = {ArXiv},
	Keywords = {Astrophysics - Cosmology and Extragalactic Astrophysics},
	Month = mar,
	Primaryclass = {astro-ph.CO},
	Title = {{Planck 2013 results. XVI. Cosmological parameters}},
	Year = 2013}

@article{hirata2006,
	Adsnote = {Provided by the SAO/NASA Astrophysics Data System},
	Adsurl = {http://adsabs.harvard.edu/abs/2006MNRAS.367..259H},
	Author = {{Hirata}, C.~M.},
	Doi = {10.1111/j.1365-2966.2005.09949.x},
	Eprint = {arXiv:astro-ph/0507102},
	Journal = {\mnras},
	Keywords = {radiative transfer-intergalactic medium},
	Month = mar,
	Pages = {259-274},
	Title = {{Wouthuysen-Field coupling strength and application to high-redshift 21-cm radiation}},
	Volume = 367,
	Year = 2006,
	Bdsk-Url-1 = {http://dx.doi.org/10.1111/j.1365-2966.2005.09949.x}}

@article{wouthuysen1952,
	Adsnote = {Provided by the SAO/NASA Astrophysics Data System},
	Adsurl = {http://adsabs.harvard.edu/abs/1952AJ.....57R..31W},
	Author = {{Wouthuysen}, S.~A.},
	Doi = {10.1086/106661},
	Journal = {\aj},
	Pages = {31-32},
	Title = {{On the excitation mechanism of the 21-cm (radio-frequency) interstellar hydrogen emission line.}},
	Volume = 57,
	Year = 1952,
	Bdsk-Url-1 = {http://dx.doi.org/10.1086/106661}}

@article{hui_haiman2003,
	Adsnote = {Provided by the SAO/NASA Astrophysics Data System},
	Adsurl = {http://adsabs.harvard.edu/abs/2003ApJ...596....9H},
	Author = {{Hui}, L. and {Haiman}, Z.},
	Doi = {10.1086/377229},
	Eprint = {arXiv:astro-ph/0302439},
	Journal = {\apj},
	Keywords = {Cosmology: Cosmic Microwave Background, Cosmology: Theory, Galaxies: Intergalactic Medium, Galaxies: Quasars: Absorption Lines},
	Month = oct,
	Pages = {9-18},
	Title = {{The Thermal Memory of Reionization History}},
	Volume = 596,
	Year = 2003,
	Bdsk-Url-1 = {http://dx.doi.org/10.1086/377229}}

@article{bouwens_et_al2010,
	Adsnote = {Provided by the SAO/NASA Astrophysics Data System},
	Adsurl = {http://adsabs.harvard.edu/abs/2010ApJ...709L.133B},
	Archiveprefix = {arXiv},
	Author = {{Bouwens}, R.~J. and {Illingworth}, G.~D. and {Oesch}, P.~A. and {Stiavelli}, M. and {van Dokkum}, P. and {Trenti}, M. and {Magee}, D. and {Labb{\'e}}, I. and {Franx}, M. and {Carollo}, C.~M. and {Gonzalez}, V.},
	Doi = {10.1088/2041-8205/709/2/L133},
	Eprint = {0909.1803},
	Journal = {\apjl},
	Keywords = {galaxies: evolution, galaxies: high-redshift},
	Month = feb,
	Pages = {L133-L137},
	Primaryclass = {astro-ph.CO},
	Title = {{Discovery of z \~{} 8 Galaxies in the Hubble Ultra Deep Field from Ultra-Deep WFC3/IR Observations}},
	Volume = 709,
	Year = 2010,
	Bdsk-Url-1 = {http://dx.doi.org/10.1088/2041-8205/709/2/L133}}

@article{schenker_et_al2012,
	Adsnote = {Provided by the SAO/NASA Astrophysics Data System},
	Adsurl = {http://adsabs.harvard.edu/abs/2013ApJ...768..196S},
	Archiveprefix = {arXiv},
	Author = {{Schenker}, M.~A. and {Robertson}, B.~E. and {Ellis}, R.~S. and {Ono}, Y. and {McLure}, R.~J. and {Dunlop}, J.~S. and {Koekemoer}, A. and {Bowler}, R.~A.~A. and {Ouchi}, M. and {Curtis-Lake}, E. and {Rogers}, A.~B. and {Schneider}, E. and {Charlot}, S. and {Stark}, D.~P. and {Furlanetto}, S.~R. and {Cirasuolo}, M.},
	Doi = {10.1088/0004-637X/768/2/196},
	Eid = {196},
	Eprint = {1212.4819},
	Journal = {\apj},
	Keywords = {dark ages, reionization, first stars, galaxies: evolution, galaxies: formation},
	Month = may,
	Pages = {196},
	Primaryclass = {astro-ph.CO},
	Title = {{The UV Luminosity Function of Star-forming Galaxies via Dropout Selection at Redshifts z \~{} 7 and 8 from the 2012 Ultra Deep Field Campaign}},
	Volume = 768,
	Year = 2013,
	Bdsk-Url-1 = {http://dx.doi.org/10.1088/0004-637X/768/2/196}}

@article{morales_wyithe2010,
	Adsnote = {Provided by the SAO/NASA Astrophysics Data System},
	Adsurl = {http://adsabs.harvard.edu/abs/2010ARA%26A..48..127M},
	Archiveprefix = {arXiv},
	Author = {{Morales}, M.~F. and {Wyithe}, J.~S.~B.},
	Doi = {10.1146/annurev-astro-081309-130936},
	Eprint = {0910.3010},
	Journal = {\araa},
	Month = sep,
	Pages = {127-171},
	Primaryclass = {astro-ph.CO},
	Title = {{Reionization and Cosmology with 21-cm Fluctuations}},
	Volume = 48,
	Year = 2010,
	Bdsk-Url-1 = {http://dx.doi.org/10.1146/annurev-astro-081309-130936}}

@article{pritchard_loeb2012,
	Adsnote = {Provided by the SAO/NASA Astrophysics Data System},
	Adsurl = {http://adsabs.harvard.edu/abs/2012RPPh...75h6901P},
	Archiveprefix = {arXiv},
	Author = {{Pritchard}, J.~R. and {Loeb}, A.},
	Doi = {10.1088/0034-4885/75/8/086901},
	Eid = {086901},
	Eprint = {1109.6012},
	Journal = {Reports on Progress in Physics},
	Month = aug,
	Number = 8,
	Pages = {086901},
	Primaryclass = {astro-ph.CO},
	Title = {{21 cm cosmology in the 21st century}},
	Volume = 75,
	Year = 2012,
	Bdsk-Url-1 = {http://dx.doi.org/10.1088/0034-4885/75/8/086901}}

@article{mesinger_et_al2013,
	Adsnote = {Provided by the SAO/NASA Astrophysics Data System},
	Adsurl = {http://adsabs.harvard.edu/abs/2013MNRAS.431..621M},
	Archiveprefix = {arXiv},
	Author = {{Mesinger}, A. and {Ferrara}, A. and {Spiegel}, D.~S.},
	Doi = {10.1093/mnras/stt198},
	Eprint = {1210.7319},
	Journal = {\mnras},
	Keywords = {intergalactic medium, cosmology: theory, early Universe, dark ages, reionization, first stars, X-rays: galaxies},
	Month = may,
	Pages = {621-637},
	Primaryclass = {astro-ph.CO},
	Title = {{Signatures of X-rays in the early Universe}},
	Volume = 431,
	Year = 2013,
	Bdsk-Url-1 = {http://dx.doi.org/10.1093/mnras/stt198}}

@article{chen_et_al2004,
	Adsnote = {Provided by the SAO/NASA Astrophysics Data System},
	Adsurl = {http://adsabs.harvard.edu/abs/2004ApJ...602....1C},
	Author = {{Chen}, X. and {Miralda-Escud{\'e}}, J.},
	Doi = {10.1086/380829},
	Eprint = {arXiv:astro-ph/0303395},
	Journal = {\apj},
	Keywords = {Cosmology: Cosmic Microwave Background, Cosmology: Theory, Cosmology: Diffuse Radiation, Galaxies: Intergalactic Medium, Line: Formation, Radio Lines: General},
	Month = feb,
	Pages = {1-11},
	Title = {{The Spin-Kinetic Temperature Coupling and the Heating Rate due to Ly{$\alpha$} Scattering before Reionization: Predictions for 21 Centimeter Emission and Absorption}},
	Volume = 602,
	Year = 2004,
	Bdsk-Url-1 = {http://dx.doi.org/10.1086/380829}}

@article{tanaka_et_al2012,
	Adsnote = {Provided by the SAO/NASA Astrophysics Data System},
	Adsurl = {http://adsabs.harvard.edu/abs/2012MNRAS.425.2974T},
	Archiveprefix = {arXiv},
	Author = {{Tanaka}, T. and {Perna}, R. and {Haiman}, Z.},
	Doi = {10.1111/j.1365-2966.2012.21539.x},
	Eprint = {1205.6467},
	Journal = {\mnras},
	Keywords = {black hole physics, gravitational waves, galaxies: formation, quasars: general, cosmology: theory},
	Month = oct,
	Pages = {2974-2987},
	Primaryclass = {astro-ph.CO},
	Title = {{X-ray emission from high-redshift miniquasars: self-regulating the population of massive black holes through global warming}},
	Volume = 425,
	Year = 2012,
	Bdsk-Url-1 = {http://dx.doi.org/10.1111/j.1365-2966.2012.21539.x}}

@article{madau_et_al2004,
	Adsnote = {Provided by the SAO/NASA Astrophysics Data System},
	Adsurl = {http://adsabs.harvard.edu/abs/2004ApJ...604..484M},
	Author = {{Madau}, P. and {Rees}, M.~J. and {Volonteri}, M. and {Haardt}, F. and {Oh}, S.~P.},
	Doi = {10.1086/381935},
	Eprint = {arXiv:astro-ph/0310223},
	Journal = {\apj},
	Keywords = {Black Hole Physics, Cosmology: Theory, Galaxies: Evolution, Galaxies: Intergalactic Medium, Galaxies: Quasars: General},
	Month = apr,
	Pages = {484-494},
	Title = {{Early Reionization by Miniquasars}},
	Volume = 604,
	Year = 2004,
	Bdsk-Url-1 = {http://dx.doi.org/10.1086/381935}}

@article{ricotti_ostriker2004,
	Adsnote = {Provided by the SAO/NASA Astrophysics Data System},
	Adsurl = {http://adsabs.harvard.edu/abs/2004MNRAS.352..547R},
	Author = {{Ricotti}, M. and {Ostriker}, J.~P.},
	Doi = {10.1111/j.1365-2966.2004.07942.x},
	Eprint = {arXiv:astro-ph/0311003},
	Journal = {\mnras},
	Keywords = {methods: numerical, cosmology: theory},
	Month = aug,
	Pages = {547-562},
	Title = {{X-ray pre-ionization powered by accretion on the first black holes - I. A model for the WMAP polarization measurement}},
	Volume = 352,
	Year = 2004,
	Bdsk-Url-1 = {http://dx.doi.org/10.1111/j.1365-2966.2004.07942.x}}

@article{mirabel_et_al2011,
	Adsnote = {Provided by the SAO/NASA Astrophysics Data System},
	Adsurl = {http://adsabs.harvard.edu/abs/2011A%26A...528A.149M},
	Archiveprefix = {arXiv},
	Author = {{Mirabel}, I.~F. and {Dijkstra}, M. and {Laurent}, P. and {Loeb}, A. and {Pritchard}, J.~R.},
	Doi = {10.1051/0004-6361/201016357},
	Eid = {A149},
	Eprint = {1102.1891},
	Journal = {\aap},
	Keywords = {X-rays: binaries, black hole physics, dark ages, reionization, first stars, cosmology: miscellaneous, intergalactic medium},
	Month = apr,
	Pages = {A149},
	Primaryclass = {astro-ph.CO},
	Title = {{Stellar black holes at the dawn of the universe}},
	Volume = 528,
	Year = 2011,
	Bdsk-Url-1 = {http://dx.doi.org/10.1051/0004-6361/201016357}}

@article{liu_et_al2012,
	Adsnote = {Provided by the SAO/NASA Astrophysics Data System},
	Adsurl = {http://adsabs.harvard.edu/abs/2013PhRvD..87d3002L},
	Archiveprefix = {arXiv},
	Author = {{Liu}, A. and {Pritchard}, J.~R. and {Tegmark}, M. and {Loeb}, A.},
	Doi = {10.1103/PhysRevD.87.043002},
	Eid = {043002},
	Eprint = {1211.3743},
	Journal = {\prd},
	Keywords = {Observation and data reduction techniques; computer modeling and simulation, Mathematical procedures and computer techniques, Cosmology, Observational cosmology},
	Month = feb,
	Number = 4,
	Pages = {043002},
	Primaryclass = {astro-ph.CO},
	Title = {{Global 21 cm signal experiments: A designer's guide}},
	Volume = 87,
	Year = 2013,
	Bdsk-Url-1 = {http://dx.doi.org/10.1103/PhysRevD.87.043002}}

@article{switzer_et_al2013,
	Adsnote = {Provided by the SAO/NASA Astrophysics Data System},
	Adsurl = {http://adsabs.harvard.edu/abs/2013MNRAS.tmpL.125S},
	Archiveprefix = {arXiv},
	Author = {{Switzer}, E.~R. and {Masui}, K.~W. and {Bandura}, K. and {Calin}, L.-M. and {Chang}, T.-C. and {Chen}, X.-L. and {Li}, Y.-C. and {Liao}, Y.-W. and {Natarajan}, A. and {Pen}, U.-L. and {Peterson}, J.~B. and {Shaw}, J.~R. and {Voytek}, T.~C.},
	Doi = {10.1093/mnrasl/slt074},
	Eprint = {1304.3712},
	Journal = {\mnras},
	Keywords = {galaxies: evolution, large-scale structure of universe, radio lines: galaxies},
	Month = jun,
	Primaryclass = {astro-ph.CO},
	Title = {{Determination of z\~{}0.8 neutral hydrogen fluctuations using the 21 cm intensity mapping autocorrelation}},
	Year = 2013,
	Bdsk-Url-1 = {http://dx.doi.org/10.1093/mnrasl/slt074}}

@article{masui_et_al2013,
	Adsnote = {Provided by the SAO/NASA Astrophysics Data System},
	Adsurl = {http://adsabs.harvard.edu/abs/2013ApJ...763L..20M},
	Archiveprefix = {arXiv},
	Author = {{Masui}, K.~W. and {Switzer}, E.~R. and {Banavar}, N. and {Bandura}, K. and {Blake}, C. and {Calin}, L.-M. and {Chang}, T.-C. and {Chen}, X. and {Li}, Y.-C. and {Liao}, Y.-W. and {Natarajan}, A. and {Pen}, U.-L. and {Peterson}, J.~B. and {Shaw}, J.~R. and {Voytek}, T.~C.},
	Doi = {10.1088/2041-8205/763/1/L20},
	Eid = {L20},
	Eprint = {1208.0331},
	Journal = {\apjl},
	Keywords = {galaxies: evolution, large-scale structure of universe, radio lines : galaxies},
	Month = jan,
	Pages = {L20},
	Primaryclass = {astro-ph.CO},
	Title = {{Measurement of 21 cm Brightness Fluctuations at z \~{} 0.8 in Cross-correlation}},
	Volume = 763,
	Year = 2013,
	Bdsk-Url-1 = {http://dx.doi.org/10.1088/2041-8205/763/1/L20}}

@article{courtois_et_al2013,
	Adsnote = {Provided by the SAO/NASA Astrophysics Data System},
	Adsurl = {http://adsabs.harvard.edu/abs/2013arXiv1306.0091C},
	Archiveprefix = {arXiv},
	Author = {{Courtois}, H.~M. and {Pomarede}, D. and {Tully}, R.~B. and {Hoffman}, Y. and {Courtois}, D.},
	Eprint = {1306.0091},
	Journal = {ArXiv},
	Keywords = {Astrophysics - Cosmology and Extragalactic Astrophysics},
	Month = jun,
	Primaryclass = {astro-ph.CO},
	Title = {{Cosmography of the Local Universe}},
	Year = 2013}

@article{pober_et_al2013a,
	Adsnote = {Provided by the SAO/NASA Astrophysics Data System},
	Adsurl = {http://adsabs.harvard.edu/abs/2013AJ....145...65P},
	Archiveprefix = {arXiv},
	Author = {{Pober}, J.~C. and {Parsons}, A.~R. and {DeBoer}, D.~R. and {McDonald}, P. and {McQuinn}, M. and {Aguirre}, J.~E. and {Ali}, Z. and {Bradley}, R.~F. and {Chang}, T.-C. and {Morales}, M.~F.},
	Doi = {10.1088/0004-6256/145/3/65},
	Eid = {65},
	Eprint = {1210.2413},
	Journal = {\aj},
	Keywords = {cosmological parameters, distance scale, instrumentation: interferometers, large-scale structure of universe, techniques: interferometric},
	Month = mar,
	Pages = {65},
	Primaryclass = {astro-ph.CO},
	Title = {{The Baryon Acoustic Oscillation Broadband and Broad-beam Array: Design Overview and Sensitivity Forecasts}},
	Volume = 145,
	Year = 2013,
	Bdsk-Url-1 = {http://dx.doi.org/10.1088/0004-6256/145/3/65}}

@article{pritchard_review,
	Adsnote = {Provided by the SAO/NASA Astrophysics Data System},
	Adsurl = {http://adsabs.harvard.edu/abs/2011arXiv1109.6012P},
	Archiveprefix = {arXiv},
	Author = {{Pritchard}, J.~R. and {Loeb}, A.},
	Eprint = {1109.6012},
	Journal = {ArXiv},
	Keywords = {Astrophysics - Cosmology and Extragalactic Astrophysics},
	Month = sep,
	Primaryclass = {astro-ph.CO},
	Title = {{21-cm cosmology}},
	Year = 2011}

@article{chang_bao,
	Adsnote = {Provided by the SAO/NASA Astrophysics Data System},
	Adsurl = {http://adsabs.harvard.edu/abs/2008PhRvL.100i1303C},
	Archiveprefix = {arXiv},
	Author = {{Chang}, T.-C. and {Pen}, U.-L. and {Peterson}, J.~B. and {McDonald}, P.},
	Doi = {10.1103/PhysRevLett.100.091303},
	Eprint = {0709.3672},
	Journal = {Physical Review Letters},
	Keywords = {Dark energy, Observational cosmology},
	Month = mar,
	Number = 9,
	Pages = {091303-+},
	Title = {{Baryon Acoustic Oscillation Intensity Mapping of Dark Energy}},
	Volume = 100,
	Year = 2008,
	Bdsk-Url-1 = {http://dx.doi.org/10.1103/PhysRevLett.100.091303}}

@article{wyithe_bao,
	Adsnote = {Provided by the SAO/NASA Astrophysics Data System},
	Adsurl = {http://adsabs.harvard.edu/abs/2008MNRAS.383.1195W},
	Author = {{Wyithe}, J.~S.~B. and {Loeb}, A. and {Geil}, P.~M.},
	Doi = {10.1111/j.1365-2966.2007.12631.x},
	Journal = {\mnras},
	Keywords = {galaxies: high-redshift , intergalactic medium , cosmology: theory , diffuse radiation , large-scale structure of Universe},
	Month = jan,
	Pages = {1195-1209},
	Title = {{Baryonic acoustic oscillations in 21-cm emission: a probe of dark energy out to high redshifts}},
	Volume = 383,
	Year = 2008,
	Bdsk-Url-1 = {http://dx.doi.org/10.1111/j.1365-2966.2007.12631.x}}

@article{morales_et_al2012,
	Adsnote = {Provided by the SAO/NASA Astrophysics Data System},
	Adsurl = {http://adsabs.harvard.edu/abs/2012ApJ...752..137M},
	Archiveprefix = {arXiv},
	Author = {{Morales}, M.~F. and {Hazelton}, B. and {Sullivan}, I. and {Beardsley}, A.},
	Doi = {10.1088/0004-637X/752/2/137},
	Eid = {137},
	Eprint = {1202.3830},
	Journal = {\apj},
	Keywords = {cosmology: observations, methods: data analysis, techniques: interferometric},
	Month = jun,
	Pages = {137},
	Primaryclass = {astro-ph.IM},
	Title = {{Four Fundamental Foreground Power Spectrum Shapes for 21 cm Cosmology Observations}},
	Volume = 752,
	Year = 2012,
	Bdsk-Url-1 = {http://dx.doi.org/10.1088/0004-637X/752/2/137}}

@article{chang_et_al2010,
	Adsnote = {Provided by the SAO/NASA Astrophysics Data System},
	Adsurl = {http://adsabs.harvard.edu/abs/2010Natur.466..463C},
	Author = {{Chang}, T.-C. and {Pen}, U.-L. and {Bandura}, K. and {Peterson}, J.~B.},
	Doi = {10.1038/nature09187},
	Journal = {\nat},
	Month = jul,
	Pages = {463-465},
	Title = {{An intensity map of hydrogen 21-cm emission at redshift z\~{}0.8}},
	Volume = 466,
	Year = 2010,
	Bdsk-Url-1 = {http://dx.doi.org/10.1038/nature09187}}

@article{pober_et_al2013b,
	Adsnote = {Provided by the SAO/NASA Astrophysics Data System},
	Adsurl = {http://adsabs.harvard.edu/abs/2013ApJ...768L..36P},
	Archiveprefix = {arXiv},
	Author = {{Pober}, J.~C. and {Parsons}, A.~R. and {Aguirre}, J.~E. and {Ali}, Z. and {Bradley}, R.~F. and {Carilli}, C.~L. and {DeBoer}, D. and {Dexter}, M. and {Gugliucci}, N.~E. and {Jacobs}, D.~C. and {Klima}, P.~J. and {MacMahon}, D. and {Manley}, J. and {Moore}, D.~F. and {Stefan}, I.~I. and {Walbrugh}, W.~P.},
	Doi = {10.1088/2041-8205/768/2/L36},
	Eid = {L36},
	Eprint = {1301.7099},
	Journal = {\apjl},
	Keywords = {cosmology: observations, dark ages, reionization, first stars, techniques: interferometric},
	Month = may,
	Pages = {L36},
	Primaryclass = {astro-ph.CO},
	Title = {{Opening the 21 cm Epoch of Reionization Window: Measurements of Foreground Isolation with PAPER}},
	Volume = 768,
	Year = 2013,
	Bdsk-Url-1 = {http://dx.doi.org/10.1088/2041-8205/768/2/L36}}

@article{parsons_et_al2013,
	Adsnote = {Provided by the SAO/NASA Astrophysics Data System},
	Adsurl = {http://adsabs.harvard.edu/abs/2013arXiv1304.4991P},
	Archiveprefix = {arXiv},
	Author = {{Parsons}, A.~R. and {Liu}, A. and {Aguirre}, J.~E. and {Ali}, Z.~S. and {Bradley}, R.~F. and {Carilli}, C.~L. and {DeBoer}, D.~R. and {Dexter}, M.~R. and {Gugliucci}, N.~E. and {Jacobs}, D.~C. and {Klima}, P. and {MacMahon}, D.~H.~E. and {Manley}, J.~R. and {Moore}, D.~F. and {Pober}, J.~C. and {Stefan}, I.~I. and {Walbrugh}, W.~P.},
	Eprint = {1304.4991},
	Journal = {ArXiv},
	Keywords = {Astrophysics - Cosmology and Extragalactic Astrophysics, Astrophysics - Instrumentation and Methods for Astrophysics},
	Month = apr,
	Primaryclass = {astro-ph.CO},
	Title = {{New Limits on 21cm EoR From PAPER-32 Consistent with an X-Ray Heated IGM at z=7.7}},
	Year = 2013}

@article{Morales:2010p4786,
	Author = {Miguel Morales and J Wyithe},
	Date-Added = {2011-06-02 11:59:14 -0700},
	Date-Modified = {2011-06-02 17:43:03 -0700},
	Doi = {doi:10.1146/annurev-astro-081309-130936},
	Journal = {Annual Review of Astronomy and Astrophysics},
	Language = {en},
	Local-Url = {file://localhost/Volumes/miguel.f.morales/Documents/Papers/Annual%20Review%20of%20Astronomy%20and%20Astrophysics%202010%20Morales.pdf},
	Month = {Sep},
	Pages = {127--171},
	Rating = {0},
	Title = {Reionization and Cosmology with 21-cm Fluctuations},
	Uri = {papers://DFE1617F-A133-478C-B28B-7AFF8D228C27/Paper/p4786},
	Url = {http://adsabs.harvard.edu/abs/2010ARA%2526A..48..127M},
	Volume = {48},
	Year = {2010},
	Bdsk-Url-1 = {http://adsabs.harvard.edu/abs/2010ARA%2526A..48..127M},
	Bdsk-Url-2 = {http://dx.doi.org/10.1146/annurev-astro-081309-130936}}

@article{barkana_loeb2007,
	Adsnote = {Provided by the SAO/NASA Astrophysics Data System},
	Adsurl = {http://adsabs.harvard.edu/abs/2007RPPh...70..627B},
	Author = {{Barkana}, R. and {Loeb}, A.},
	Doi = {10.1088/0034-4885/70/4/R02},
	Eprint = {arXiv:astro-ph/0611541},
	Journal = {Reports on Progress in Physics},
	Month = apr,
	Pages = {627-657},
	Title = {{The physics and early history of the intergalactic medium}},
	Volume = 70,
	Year = 2007,
	Bdsk-Url-1 = {http://dx.doi.org/10.1088/0034-4885/70/4/R02}}

@article{bowman_rogers2010,
	Adsnote = {Provided by the SAO/NASA Astrophysics Data System},
	Adsurl = {http://adsabs.harvard.edu/abs/2010Natur.468..796B},
	Author = {{Bowman}, J.~D. and {Rogers}, A.~E.~E.},
	Doi = {10.1038/nature09601},
	Journal = {\nat},
	Month = dec,
	Pages = {796-798},
	Title = {{A lower limit of {$\Delta$}z>0.06 for the duration of the reionization epoch}},
	Volume = 468,
	Year = 2010,
	Bdsk-Url-1 = {http://dx.doi.org/10.1038/nature09601}}

@article{santos_et_al2010,
	Adsnote = {Provided by the SAO/NASA Astrophysics Data System},
	Adsurl = {http://adsabs.harvard.edu/abs/2010MNRAS.406.2421S},
	Archiveprefix = {arXiv},
	Author = {{Santos}, M.~G. and {Ferramacho}, L. and {Silva}, M.~B. and {Amblard}, A. and {Cooray}, A.},
	Doi = {10.1111/j.1365-2966.2010.16898.x},
	Eprint = {0911.2219},
	Journal = {\mnras},
	Keywords = {methods: numerical, cosmology: theory, early Universe, large-scale structure of Universe},
	Month = aug,
	Pages = {2421-2432},
	Primaryclass = {astro-ph.CO},
	Title = {{Fast large volume simulations of the 21-cm signal from the reionization and pre-reionization epochs}},
	Volume = 406,
	Year = 2010,
	Bdsk-Url-1 = {http://dx.doi.org/10.1111/j.1365-2966.2010.16898.x}}

@article{wyithe_loeb2004,
	Adsnote = {Provided by the SAO/NASA Astrophysics Data System},
	Adsurl = {http://adsabs.harvard.edu/abs/2004Natur.432..194W},
	Author = {{Wyithe}, J.~S.~B. and {Loeb}, A.},
	Doi = {10.1038/nature03033},
	Journal = {\nat},
	Month = nov,
	Pages = {194-196},
	Title = {{A characteristic size of \~{}10Mpc for the ionized bubbles at the end of cosmic reionization}},
	Volume = 432,
	Year = 2004,
	Bdsk-Url-1 = {http://dx.doi.org/10.1038/nature03033}}

@article{zahn_et_al2012_trunc,
	Adsnote = {Provided by the SAO/NASA Astrophysics Data System},
	Adsurl = {http://adsabs.harvard.edu/abs/2012ApJ...756...65Z},
	Archiveprefix = {arXiv},
	Author = {{Zahn}, O. and {Reichardt}, C.~L. and {Shaw}, L. and {Lidz}, A. and {47 co-authors}},
	Date-Modified = {2013-09-12 16:44:41 +0000},
	Doi = {10.1088/0004-637X/756/1/65},
	Eid = {65},
	Eprint = {1111.6386},
	Journal = {\apj},
	Keywords = {cosmology: theory, intergalactic medium, large-scale structure of universe},
	Month = sep,
	Pages = {65},
	Primaryclass = {astro-ph.CO},
	Title = {{Cosmic Microwave Background Constraints on the Duration and Timing of Reionization from the South Pole Telescope}},
	Volume = 756,
	Year = 2012,
	Bdsk-Url-1 = {http://dx.doi.org/10.1088/0004-637X/756/1/65}}

@article{burns_et_al2012,
	Adsnote = {Provided by the SAO/NASA Astrophysics Data System},
	Adsurl = {http://adsabs.harvard.edu/abs/2012AdSpR..49..433B},
	Archiveprefix = {arXiv},
	Author = {{Burns}, J.~O. and {Lazio}, J. and {Bale}, S. and {Bowman}, J. and {Bradley}, R. and {Carilli}, C. and {Furlanetto}, S. and {Harker}, G. and {Loeb}, A. and {Pritchard}, J.},
	Doi = {10.1016/j.asr.2011.10.014},
	Eprint = {1106.5194},
	Journal = {Advances in Space Research},
	Month = feb,
	Pages = {433-450},
	Primaryclass = {astro-ph.CO},
	Title = {{Probing the first stars and black holes in the early Universe with the Dark Ages Radio Explorer (DARE)}},
	Volume = 49,
	Year = 2012,
	Bdsk-Url-1 = {http://dx.doi.org/10.1016/j.asr.2011.10.014}}

@article{greenhill_bernardi2012,
	Adsnote = {Provided by the SAO/NASA Astrophysics Data System},
	Adsurl = {http://adsabs.harvard.edu/abs/2012arXiv1201.1700G},
	Archiveprefix = {arXiv},
	Author = {{Greenhill}, L.~J. and {Bernardi}, G.},
	Eprint = {1201.1700},
	Journal = {ArXiv},
	Keywords = {Astrophysics - Cosmology and Extragalactic Astrophysics, Astrophysics - Instrumentation and Methods for Astrophysics},
	Month = jan,
	Primaryclass = {astro-ph.CO},
	Title = {{HI Epoch of Reionization Arrays}},
	Year = 2012}

@article{vedantham_2012,
	Adsnote = {Provided by the SAO/NASA Astrophysics Data System},
	Adsurl = {http://adsabs.harvard.edu/abs/2012ApJ...745..176V},
	Archiveprefix = {arXiv},
	Author = {{Vedantham}, H. and {Udaya Shankar}, N. and {Subrahmanyan}, R.},
	Doi = {10.1088/0004-637X/745/2/176},
	Eid = {176},
	Eprint = {1106.1297},
	Journal = {\apj},
	Keywords = {cosmology: observations, methods: analytical, methods: data analysis, techniques: interferometric},
	Month = feb,
	Pages = {176},
	Primaryclass = {astro-ph.IM},
	Title = {{Imaging the Epoch of Reionization: Limitations from Foreground Confusion and Imaging Algorithms}},
	Volume = 745,
	Year = 2012,
	Bdsk-Url-1 = {http://dx.doi.org/10.1088/0004-637X/745/2/176}}

@article{carilli2011,
	Adsnote = {Provided by the SAO/NASA Astrophysics Data System},
	Adsurl = {http://adsabs.harvard.edu/abs/2011ApJ...730L..30C},
	Archiveprefix = {arXiv},
	Author = {{Carilli}, C.~L.},
	Doi = {10.1088/2041-8205/730/2/L30},
	Eid = {L30},
	Eprint = {1102.0745},
	Journal = {\apjl},
	Keywords = {cosmology: theory, dark ages, reionization, first stars, galaxies: formation, galaxies: high-redshift, ISM: molecules, large-scale structure of universe},
	Month = apr,
	Pages = {L30},
	Primaryclass = {astro-ph.CO},
	Title = {{Intensity Mapping of Molecular Gas During Cosmic Reionization}},
	Volume = 730,
	Year = 2011,
	Bdsk-Url-1 = {http://dx.doi.org/10.1088/2041-8205/730/2/L30}}

@article{lidz_et_al2011,
	Adsnote = {Provided by the SAO/NASA Astrophysics Data System},
	Adsurl = {http://adsabs.harvard.edu/abs/2011ApJ...741...70L},
	Archiveprefix = {arXiv},
	Author = {{Lidz}, A. and {Furlanetto}, S.~R. and {Oh}, S.~P. and {Aguirre}, J. and {Chang}, T.-C. and {Dor{\'e}}, O. and {Pritchard}, J.~R.},
	Doi = {10.1088/0004-637X/741/2/70},
	Eid = {70},
	Eprint = {1104.4800},
	Journal = {\apj},
	Keywords = {cosmology: theory, intergalactic medium, large-scale structure of universe},
	Month = nov,
	Pages = {70},
	Primaryclass = {astro-ph.CO},
	Title = {{Intensity Mapping with Carbon Monoxide Emission Lines and the Redshifted 21 cm Line}},
	Volume = 741,
	Year = 2011,
	Bdsk-Url-1 = {http://dx.doi.org/10.1088/0004-637X/741/2/70}}

@article{gong_et_al2011,
	Adsnote = {Provided by the SAO/NASA Astrophysics Data System},
	Adsurl = {http://adsabs.harvard.edu/abs/2011ApJ...728L..46G},
	Archiveprefix = {arXiv},
	Author = {{Gong}, Y. and {Cooray}, A. and {Silva}, M.~B. and {Santos}, M.~G. and {Lubin}, P.},
	Doi = {10.1088/2041-8205/728/2/L46},
	Eid = {L46},
	Eprint = {1101.2892},
	Journal = {\apjl},
	Keywords = {cosmology: theory, diffuse radiation, galaxies: starburst, radio lines: galaxies},
	Month = feb,
	Pages = {L46},
	Primaryclass = {astro-ph.CO},
	Title = {{Probing Reionization with Intensity Mapping of Molecular and Fine-structure Lines}},
	Volume = 728,
	Year = 2011,
	Bdsk-Url-1 = {http://dx.doi.org/10.1088/2041-8205/728/2/L46}}

@article{alvarez_et_al2006,
	Adsnote = {Provided by the SAO/NASA Astrophysics Data System},
	Adsurl = {http://adsabs.harvard.edu/abs/2006ApJ...647..840A},
	Author = {{Alvarez}, M.~A. and {Komatsu}, E. and {Dor{\'e}}, O. and {Shapiro}, P.~R.},
	Doi = {10.1086/504888},
	Eprint = {arXiv:astro-ph/0512010},
	Journal = {\apj},
	Keywords = {Cosmology: Cosmic Microwave Background, Cosmology: Theory, Cosmology: Diffuse Radiation, Galaxies: Formation, Galaxies: Intergalactic Medium},
	Month = aug,
	Pages = {840-852},
	Title = {{The Cosmic Reionization History as Revealed by the Cosmic Microwave Background Doppler-21 cm Correlation}},
	Volume = 647,
	Year = 2006,
	Bdsk-Url-1 = {http://dx.doi.org/10.1086/504888}}

@article{tashiro_et_al2010,
	Adsnote = {Provided by the SAO/NASA Astrophysics Data System},
	Adsurl = {http://adsabs.harvard.edu/abs/2010MNRAS.402.2617T},
	Archiveprefix = {arXiv},
	Author = {{Tashiro}, H. and {Aghanim}, N. and {Langer}, M. and {Douspis}, M. and {Zaroubi}, S. and {Jelic}, V.},
	Doi = {10.1111/j.1365-2966.2009.16078.x},
	Eprint = {0908.1632},
	Journal = {\mnras},
	Keywords = {cosmic microwave background, cosmology: theory, large-scale structure of Universe},
	Month = mar,
	Pages = {2617-2625},
	Primaryclass = {astro-ph.CO},
	Title = {{Detectability of the 21-cm CMB cross-correlation from the epoch of reionization}},
	Volume = 402,
	Year = 2010,
	Bdsk-Url-1 = {http://dx.doi.org/10.1111/j.1365-2966.2009.16078.x}}

@article{treu_et_al2013,
	Adsnote = {Provided by the SAO/NASA Astrophysics Data System},
	Adsurl = {http://adsabs.harvard.edu/abs/2013arXiv1308.5985T},
	Archiveprefix = {arXiv},
	Author = {{Treu}, T. and {Schmidt}, K.~B. and {Trenti}, M. and {Bradley}, L.~D. and {Stiavelli}, M.},
	Eprint = {1308.5985},
	Journal = {ArXiv},
	Keywords = {Astrophysics - Cosmology and Extragalactic Astrophysics},
	Month = aug,
	Primaryclass = {astro-ph.CO},
	Title = {{The changing Lya optical depth in the range 6{\textless}z{\textless}9 from MOSFIRE spectroscopy of Y-dropouts}},
	Year = 2013}

@article{robertson_2013,
	Adsnote = {Provided by the SAO/NASA Astrophysics Data System},
	Adsurl = {http://adsabs.harvard.edu/abs/2013ApJ...768...71R},
	Archiveprefix = {arXiv},
	Author = {{Robertson}, B.~E. and {Furlanetto}, S.~R. and {Schneider}, E. and {Charlot}, S. and {Ellis}, R.~S. and {Stark}, D.~P. and {McLure}, R.~J. and {Dunlop}, J.~S. and {Koekemoer}, A. and {Schenker}, M.~A. and {Ouchi}, M. and {Ono}, Y. and {Curtis-Lake}, E. and {Rogers}, A.~B. and {Bowler}, R.~A.~A. and {Cirasuolo}, M.},
	Doi = {10.1088/0004-637X/768/1/71},
	Eid = {71},
	Eprint = {1301.1228},
	Journal = {\apj},
	Keywords = {dark ages, reionization, first stars, galaxies: evolution, galaxies: formation},
	Month = may,
	Pages = {71},
	Primaryclass = {astro-ph.CO},
	Title = {{New Constraints on Cosmic Reionization from the 2012 Hubble Ultra Deep Field Campaign}},
	Volume = 768,
	Year = 2013,
	Bdsk-Url-1 = {http://dx.doi.org/10.1088/0004-637X/768/1/71}}

@article{trott_2012,
	Adsnote = {Provided by the SAO/NASA Astrophysics Data System},
	Adsurl = {http://adsabs.harvard.edu/abs/2012ApJ...757..101T},
	Archiveprefix = {arXiv},
	Author = {{Trott}, C.~M. and {Wayth}, R.~B. and {Tingay}, S.~J.},
	Doi = {10.1088/0004-637X/757/1/101},
	Eid = {101},
	Eprint = {1208.0646},
	Journal = {\apj},
	Keywords = {early universe, methods: analytical, techniques: interferometric},
	Month = sep,
	Pages = {101},
	Primaryclass = {astro-ph.CO},
	Title = {{The Impact of Point-source Subtraction Residuals on 21 cm Epoch of Reionization Estimation}},
	Volume = 757,
	Year = 2012,
	Bdsk-Url-1 = {http://dx.doi.org/10.1088/0004-637X/757/1/101}}

@article{liu_redundant_2010,
	Adsnote = {Provided by the SAO/NASA Astrophysics Data System},
	Adsurl = {http://adsabs.harvard.edu/abs/2010MNRAS.408.1029L},
	Archiveprefix = {arXiv},
	Author = {{Liu}, A. and {Tegmark}, M. and {Morrison}, S. and {Lutomirski}, A. and {Zaldarriaga}, M.},
	Doi = {10.1111/j.1365-2966.2010.17174.x},
	Eprint = {1001.5268},
	Journal = {\mnras},
	Keywords = {instrumentation: interferometers, methods: data analysis, cosmology: observations, radio continuum: general},
	Month = oct,
	Pages = {1029-1050},
	Primaryclass = {astro-ph.IM},
	Title = {{Precision calibration of radio interferometers using redundant baselines}},
	Volume = 408,
	Year = 2010,
	Bdsk-Url-1 = {http://dx.doi.org/10.1111/j.1365-2966.2010.17174.x}}

@article{rogers_2012,
	Adsnote = {Provided by the SAO/NASA Astrophysics Data System},
	Adsurl = {http://adsabs.harvard.edu/abs/2012RaSc...47.0K06R},
	Archiveprefix = {arXiv},
	Author = {{Rogers}, A.~E.~E. and {Bowman}, J.~D.},
	Doi = {10.1029/2011RS004962},
	Eid = {RS0K06},
	Eprint = {1209.1106},
	Journal = {Radio Science},
	Keywords = {antenna, calibration, spectrometer},
	Month = aug,
	Pages = {0},
	Primaryclass = {astro-ph.IM},
	Title = {{Absolute calibration of a wideband antenna and spectrometer for accurate sky noise temperature measurements}},
	Volume = 47,
	Year = 2012,
	Bdsk-Url-1 = {http://dx.doi.org/10.1029/2011RS004962}}

@article{Datta_2010,
	Adsnote = {Provided by the SAO/NASA Astrophysics Data System},
	Adsurl = {http://adsabs.harvard.edu/abs/2010ApJ...724..526D},
	Archiveprefix = {arXiv},
	Author = {{Datta}, A. and {Bowman}, J.~D. and {Carilli}, C.~L.},
	Doi = {10.1088/0004-637X/724/1/526},
	Eprint = {1005.4071},
	Journal = {\apj},
	Keywords = {early universe, intergalactic medium, methods: data analysis, radio lines: general, techniques: interferometric},
	Month = nov,
	Pages = {526-538},
	Primaryclass = {astro-ph.CO},
	Title = {{Bright Source Subtraction Requirements for Redshifted 21 cm Measurements}},
	Volume = 724,
	Year = 2010,
	Bdsk-Url-1 = {http://dx.doi.org/10.1088/0004-637X/724/1/526}}

@article{bernardi_2013,
	Adsnote = {Provided by the SAO/NASA Astrophysics Data System},
	Adsurl = {http://adsabs.harvard.edu/abs/2013ApJ...771..105B},
	Archiveprefix = {arXiv},
	Author = {{Bernardi}, G. and {Greenhill}, L.~J. and {Mitchell}, D.~A. and {Ord}, S.~M. and {Hazelton}, B.~J. and {Gaensler}, B.~M. and {de Oliveira-Costa}, A. and {Morales}, M.~F. and {Udaya Shankar}, N. and {Subrahmanyan}, R. and {Wayth}, R.~B. and {Lenc}, E. and {Williams}, C.~L. and {Arcus}, W. and {Arora}, B.~S. and {Barnes}, D.~G. and {Bowman}, J.~D. and {Briggs}, F.~H. and {Bunton}, J.~D. and {Cappallo}, R.~J. and {Corey}, B.~E. and {Deshpande}, A. and {deSouza}, L. and {Emrich}, D. and {Goeke}, R. and {Herne}, D. and {Hewitt}, J.~N. and {Johnston-Hollitt}, M. and {Kaplan}, D. and {Kasper}, J.~C. and {Kincaid}, B.~B. and {Koenig}, R. and {Kratzenberg}, E. and {Lonsdale}, C.~J. and {Lynch}, M.~J. and {McWhirter}, S.~R. and {Morgan}, E. and {Oberoi}, D. and {Pathikulangara}, J. and {Prabu}, T. and {Remillard}, R.~A. and {Rogers}, A.~E.~E. and {Roshi}, A. and {Salah}, J.~E. and {Sault}, R.~J. and {Srivani}, K.~S. and {Stevens}, J. and {Tingay}, S.~J. and {Waterson}, M. and {Webster}, R.~L. and {Whitney}, 
A.~R. and {Williams}, A. and {Wyithe}, J.~S.~B.},
	Doi = {10.1088/0004-637X/771/2/105},
	Eid = {105},
	Eprint = {1305.6047},
	Journal = {\apj},
	Keywords = {diffuse radiation, ISM: magnetic fields, polarization, radio continuum: general, surveys, techniques: interferometric},
	Month = jul,
	Pages = {105},
	Primaryclass = {astro-ph.CO},
	Title = {{A 189 MHz, 2400 deg$^{2}$ Polarization Survey with the Murchison Widefield Array 32-element Prototype}},
	Volume = 771,
	Year = 2013,
	Bdsk-Url-1 = {http://dx.doi.org/10.1088/0004-637X/771/2/105}}

@article{bernardi_2013_trunc,
	Adsnote = {Provided by the SAO/NASA Astrophysics Data System},
	Adsurl = {http://adsabs.harvard.edu/abs/2013ApJ...771..105B},
	Archiveprefix = {arXiv},
	Author = {{Bernardi}, G. and {Greenhill}, L.~J. and {Mitchell}, D.~A. and {Ord}, S.~M. and {49 co-authors}},
	Doi = {10.1088/0004-637X/771/2/105},
	Eid = {105},
	Eprint = {1305.6047},
	Journal = {\apj},
	Keywords = {diffuse radiation, ISM: magnetic fields, polarization, radio continuum: general, surveys, techniques: interferometric},
	Month = jul,
	Pages = {105},
	Primaryclass = {astro-ph.CO},
	Title = {{A 189 MHz, 2400 deg$^{2}$ Polarization Survey with the Murchison Widefield Array 32-element Prototype}},
	Volume = 771,
	Year = 2013,
	Bdsk-Url-1 = {http://dx.doi.org/10.1088/0004-637X/771/2/105}}

@article{zheng_et_al2013,
	Adsnote = {Provided by the SAO/NASA Astrophysics Data System},
	Adsurl = {http://adsabs.harvard.edu/abs/2013arXiv1309.2639Z},
	Archiveprefix = {arXiv},
	Author = {{Zheng}, H. and {Tegmark}, M. and {Buza}, V. and {Dillon}, J.~S. and {Gharibyan}, H. and {Hickish}, J. and {Kunz}, E. and {Liu}, A. and {Losh}, J. and {Lutomirski}, A. and {Morrison}, S. and {Narayanan}, S. and {Perko}, A. and {Rosner}, D. and {Sanchez}, N. and {Schutz}, K. and {Tribiano}, S.~M. and {Zaldarriaga}, M. and {Zarb Adami}, K. and {Zelko}, I. and {Zheng}, K. and {Armstrong}, R. and {Bradley}, R.~F. and {Dexter}, M.~R. and {Ewall-Wice}, A. and {Magro}, A. and {Matejek}, M. and {Morgan}, E. and {Neben}, A.~R. and {Pan}, Q. and {Peterson}, C.~M. and {Su}, M. and {Villasenor}, J. and {Williams}, C.~L. and {Yang}, H.-I and {Zhu}, Y.},
	Eprint = {1309.2639},
	Journal = {ArXiv},
	Keywords = {Astrophysics - Instrumentation and Methods for Astrophysics, Astrophysics - Cosmology and Extragalactic Astrophysics},
	Month = sep,
	Primaryclass = {astro-ph.IM},
	Title = {{Mapping our Universe in 3D with MITEoR}},
	Year = 2013}

@article{zheng_et_al2013_trunc,
	Adsnote = {Provided by the SAO/NASA Astrophysics Data System},
	Adsurl = {http://adsabs.harvard.edu/abs/2013arXiv1309.2639Z},
	Archiveprefix = {arXiv},
	Author = {{Zheng}, H. and {Tegmark}, M. and {Buza}, V. and {Dillon}, J.~S. and {32 co-authors}},
	Eprint = {1309.2639},
	Journal = {ArXiv},
	Keywords = {Astrophysics - Instrumentation and Methods for Astrophysics, Astrophysics - Cosmology and Extragalactic Astrophysics},
	Month = sep,
	Primaryclass = {astro-ph.IM},
	Title = {{Mapping our Universe in 3D with MITEoR}},
	Year = 2013}

@article{shapiro_giroux1987,
	Adsnote = {Provided by the SAO/NASA Astrophysics Data System},
	Adsurl = {http://adsabs.harvard.edu/abs/1987ApJ...321L.107S},
	Author = {{Shapiro}, P.~R. and {Giroux}, M.~L.},
	Doi = {10.1086/185015},
	Journal = {\apjl},
	Keywords = {COSMOLOGY, H II REGIONS, INTERGALACTIC MEDIA, PHOTOIONIZATION, QUASARS, STELLAR CORONAS, COMPUTATIONAL ASTROPHYSICS, IONIZING RADIATION, RED SHIFT, UNIVERSE},
	Month = oct,
	Pages = {L107-L112},
	Title = {{Cosmological H II regions and the photoionization of the intergalactic medium}},
	Volume = 321,
	Year = 1987,
	Bdsk-Url-1 = {http://dx.doi.org/10.1086/185015}}

@article{haiman_loeb1997,
	Adsnote = {Provided by the SAO/NASA Astrophysics Data System},
	Adsurl = {http://adsabs.harvard.edu/abs/1997ApJ...483...21H},
	Author = {{Haiman}, Z. and {Loeb}, A.},
	Doi = {10.1086/304238},
	Eprint = {arXiv:astro-ph/9611028},
	Journal = {\apj},
	Keywords = {COSMOLOGY: THEORY, GALAXIES: FORMATION, RADIATIVE TRANSFER, COSMOLOGY: COSMIC MICROWAVE BACKGROUND, GALAXIES: INTERGALACTIC MEDIUM},
	Month = jul,
	Pages = {21},
	Title = {{Signatures of Stellar Reionization of the Universe}},
	Volume = 483,
	Year = 1997,
	Bdsk-Url-1 = {http://dx.doi.org/10.1086/304238}}

@article{furlanetto_et_al2004,
	Adsnote = {Provided by the SAO/NASA Astrophysics Data System},
	Adsurl = {http://adsabs.harvard.edu/abs/2004ApJ...613....1F},
	Author = {{Furlanetto}, S.~R. and {Zaldarriaga}, M. and {Hernquist}, L.},
	Doi = {10.1086/423025},
	Eprint = {arXiv:astro-ph/0403697},
	Journal = {\apj},
	Keywords = {Cosmology: Theory, Cosmology: Diffuse Radiation, ISM: H II Regions, Galaxies: Intergalactic Medium},
	Month = sep,
	Pages = {1-15},
	Title = {{The Growth of H II Regions During Reionization}},
	Volume = 613,
	Year = 2004,
	Bdsk-Url-1 = {http://dx.doi.org/10.1086/423025}}

@article{lidz_et_al2009,
	Adsnote = {Provided by the SAO/NASA Astrophysics Data System},
	Adsurl = {http://adsabs.harvard.edu/abs/2009ApJ...690..252L},
	Archiveprefix = {arXiv},
	Author = {{Lidz}, A. and {Zahn}, O. and {Furlanetto}, S.~R. and {McQuinn}, M. and {Hernquist}, L. and {Zaldarriaga}, M.},
	Doi = {10.1088/0004-637X/690/1/252},
	Eprint = {0806.1055},
	Journal = {\apj},
	Keywords = {cosmology: theory, intergalactic medium, large-scale structure of universe},
	Month = jan,
	Pages = {252-266},
	Title = {{Probing Reionization with the 21 cm Galaxy Cross-Power Spectrum}},
	Volume = 690,
	Year = 2009,
	Bdsk-Url-1 = {http://dx.doi.org/10.1088/0004-637X/690/1/252}}

@ARTICLE{clark_et_al2011,
   author = {{Clark}, M.~A. and {La Plante}, P.~C. and {Greenhill}, L.~J.
    },
    title = "{Accelerating Radio Astronomy Cross-Correlation with Graphics Processing Units}",
  journal = {ArXiv e-prints},
archivePrefix = "arXiv",
   eprint = {1107.4264},
 primaryClass = "astro-ph.IM",
 keywords = {Astrophysics - Instrumentation and Methods for Astrophysics, Computer Science - Computational Engineering, Finance, and Science},
     year = 2011,
    month = jul,
   adsurl = {http://adsabs.harvard.edu/abs/2011arXiv1107.4264C},
  adsnote = {Provided by the SAO/NASA Astrophysics Data System}
}

@ARTICLE{mitchell_et_al2008,
   author = {{Mitchell}, D.~A. and {Greenhill}, L.~J. and {Wayth}, R.~B. and 
    {Sault}, R.~J. and {Lonsdale}, C.~J. and {Cappallo}, R.~J. and 
    {Morales}, M.~F. and {Ord}, S.~M.},
    title = "{Real-Time Calibration of the Murchison Widefield Array}",
  journal = {IEEE Journal of Selected Topics in Signal Processing},
     year = 2008,
    month = nov,
   volume = 2,
    pages = {707-717},
      doi = {10.1109/JSTSP.2008.2005327},
   adsurl = {http://adsabs.harvard.edu/abs/2008ISTSP...2..707M},
  adsnote = {Provided by the SAO/NASA Astrophysics Data System}
}
