%% This BibTeX bibliography file was created using BibDesk.
%% http://bibdesk.sourceforge.net/


%% Created for DAVID DEBOER at 2015-06-04 09:02:17 -0700 


%% Saved with string encoding Unicode (UTF-8) 



@article{2015arXiv150601026P,
	Author = {{Dillon}, J.~S. and {Neben}, A.~R. and {Hewitt}, J.~N. and {Tegmark}, M. and {Barry}, N. and {Beardsley}, A.~P. and {\em etal}},
	Date-Added = {2015-06-04 15:56:07 +0000},
	Date-Modified = {2015-06-04 15:59:50 +0000},
	Journal = {ArXiv e-prints},
	Month = {June},
	Title = {Empirical Covariance Modeling for 21 cm Power Spectrum Estimation: A Method Demonstration and New Limits from Early Murchison Widefield Array 128-Tile Data},
	Year = {2015}}

@techreport{heraMemo5,
	Author = {{Parsons}, A.~R. and {DeBoer}, D.~R.},
	Date-Added = {2015-06-03 04:06:54 +0000},
	Date-Modified = {2015-06-03 16:34:36 +0000},
	Institution = {HERA Memo Series},
	Number = {5},
	Title = {Configuration of the HERA Element},
	Year = 2015}

@article{unknown,
	Author = {UNKNOWN},
	Date-Added = {2015-05-22 18:34:45 +0000},
	Date-Modified = {2015-05-22 18:35:06 +0000},
	Journal = {UNKNOWN},
	Title = {UNKNOWN},
	Year = {9999}}

@article{datta_et_al2010,
	Adsnote = {Provided by the SAO/NASA Astrophysics Data System},
	Adsurl = {http://adsabs.harvard.edu/abs/2010ApJ...724..526D},
	Archiveprefix = {arXiv},
	Author = {{Datta}, A. and {Bowman}, J.~D. and {Carilli}, C.~L.},
	Doi = {10.1088/0004-637X/724/1/526},
	Eprint = {1005.4071},
	Journal = {\apj},
	Keywords = {early universe, intergalactic medium, methods: data analysis, radio lines: general, techniques: interferometric},
	Month = nov,
	Pages = {526-538},
	Primaryclass = {astro-ph.CO},
	Title = {{Bright Source Subtraction Requirements for Redshifted 21 cm Measurements}},
	Volume = 724,
	Year = 2010,
	Bdsk-Url-1 = {http://dx.doi.org/10.1088/0004-637X/724/1/526}}

@article{vedantham_et_al2012,
	Adsnote = {Provided by the SAO/NASA Astrophysics Data System},
	Adsurl = {http://adsabs.harvard.edu/abs/2012ApJ...745..176V},
	Archiveprefix = {arXiv},
	Author = {{Vedantham}, H. and {Udaya Shankar}, N. and {Subrahmanyan}, R.},
	Doi = {10.1088/0004-637X/745/2/176},
	Eid = {176},
	Eprint = {1106.1297},
	Journal = {\apj},
	Keywords = {cosmology: observations, methods: analytical, methods: data analysis, techniques: interferometric},
	Month = feb,
	Pages = {176},
	Primaryclass = {astro-ph.IM},
	Title = {{Imaging the Epoch of Reionization: Limitations from Foreground Confusion and Imaging Algorithms}},
	Volume = 745,
	Year = 2012,
	Bdsk-Url-1 = {http://dx.doi.org/10.1088/0004-637X/745/2/176}}

@article{liu_et_al2014a,
	Author = {Liu, Adrian and Parsons, Aaron R. and Trott, Cathryn M.},
	Doi = {10.1103/PhysRevD.90.023018},
	Issue = {2},
	Journal = {Phys. Rev. D},
	Month = {Jul},
	Numpages = {27},
	Pages = {023018},
	Publisher = {American Physical Society},
	Title = {Epoch of reionization window. I. Mathematical formalism},
	Url = {http://link.aps.org/doi/10.1103/PhysRevD.90.023018},
	Volume = {90},
	Year = {2014},
	Bdsk-Url-1 = {http://link.aps.org/doi/10.1103/PhysRevD.90.023018},
	Bdsk-Url-2 = {http://dx.doi.org/10.1103/PhysRevD.90.023018}}

@article{liu_et_al2014b,
	Author = {Liu, Adrian and Parsons, Aaron R. and Trott, Cathryn M.},
	Doi = {10.1103/PhysRevD.90.023019},
	Issue = {2},
	Journal = {Phys. Rev. D},
	Month = {Jul},
	Numpages = {20},
	Pages = {023019},
	Publisher = {American Physical Society},
	Title = {Epoch of reionization window. II. Statistical methods for foreground wedge reduction},
	Url = {http://link.aps.org/doi/10.1103/PhysRevD.90.023019},
	Volume = {90},
	Year = {2014},
	Bdsk-Url-1 = {http://link.aps.org/doi/10.1103/PhysRevD.90.023019},
	Bdsk-Url-2 = {http://dx.doi.org/10.1103/PhysRevD.90.023019}}

@article{hazelton_et_al2013,
	Adsnote = {Provided by the SAO/NASA Astrophysics Data System},
	Adsurl = {http://adsabs.harvard.edu/abs/2013ApJ...770..156H},
	Archiveprefix = {arXiv},
	Author = {{Hazelton}, B.~J. and {Morales}, M.~F. and {Sullivan}, I.~S.},
	Doi = {10.1088/0004-637X/770/2/156},
	Eid = {156},
	Eprint = {1301.3126},
	Journal = {\apj},
	Keywords = {cosmology: observations, methods: data analysis, techniques: interferometric},
	Month = jun,
	Pages = {156},
	Primaryclass = {astro-ph.IM},
	Title = {{The Fundamental Multi-baseline Mode-mixing Foreground in 21 cm Epoch of Reionization Observations}},
	Volume = 770,
	Year = 2013,
	Bdsk-Url-1 = {http://dx.doi.org/10.1088/0004-637X/770/2/156}}

@article{dillon_et_al2013b,
	Adsnote = {Provided by the SAO/NASA Astrophysics Data System},
	Adsurl = {http://adsabs.harvard.edu/abs/2014PhRvD..89b3002D},
	Archiveprefix = {arXiv},
	Author = {{Dillon}, J.~S. and {Liu}, A. and {Williams}, C.~L. and {Hewitt}, J.~N. and {Tegmark}, M. and {Morgan}, E.~H. and {Levine}, A.~M. and {Morales}, M.~F. and {Tingay}, S.~J. and {Bernardi}, G. and {Bowman}, J.~D. and {Briggs}, F.~H. and {Cappallo}, R.~C. and {Emrich}, D. and {Mitchell}, D.~A. and {Oberoi}, D. and {Prabu}, T. and {Wayth}, R. and {Webster}, R.~L.},
	Doi = {10.1103/PhysRevD.89.023002},
	Eid = {023002},
	Eprint = {1304.4229},
	Journal = {\prd},
	Keywords = {Observation and data reduction techniques, computer modeling and simulation, Radio microwave, Cosmology, Observational cosmology},
	Month = jan,
	Number = 2,
	Pages = {023002},
	Primaryclass = {astro-ph.CO},
	Title = {{Overcoming real-world obstacles in 21 cm power spectrum estimation: A method demonstration and results from early Murchison Widefield Array data}},
	Volume = 89,
	Year = 2014,
	Bdsk-Url-1 = {http://dx.doi.org/10.1103/PhysRevD.89.023002}}

@article{santos_et_al2005,
	Adsnote = {Provided by the SAO/NASA Astrophysics Data System},
	Adsurl = {http://adsabs.harvard.edu/abs/2005ApJ...625..575S},
	Author = {{Santos}, M.~G. and {Cooray}, A. and {Knox}, L.},
	Doi = {10.1086/429857},
	Eprint = {arXiv:astro-ph/0408515},
	Journal = {\apj},
	Month = jun,
	Pages = {575-587},
	Title = {{Multifrequency Analysis of 21 Centimeter Fluctuations from the Era of Reionization}},
	Volume = 625,
	Year = 2005,
	Bdsk-Url-1 = {http://dx.doi.org/10.1086/429857}}

@article{ali_et_al2008,
	Adsnote = {Provided by the SAO/NASA Astrophysics Data System},
	Adsurl = {http://adsabs.harvard.edu/abs/2008MNRAS.385.2166A},
	Archiveprefix = {arXiv},
	Author = {{Ali}, S.~S. and {Bharadwaj}, S. and {Chengalur}, J.~N.},
	Doi = {10.1111/j.1365-2966.2008.12984.x},
	Eprint = {0801.2424},
	Journal = {\mnras},
	Keywords = {methods: statistical , cosmology: observations , diffuse radiation},
	Month = apr,
	Pages = {2166-2174},
	Title = {{Foregrounds for redshifted 21-cm studies of reionization: Giant Meter Wave Radio Telescope 153-MHz observations}},
	Volume = 385,
	Year = 2008,
	Bdsk-Url-1 = {http://dx.doi.org/10.1111/j.1365-2966.2008.12984.x}}

@article{deoliveira2008,
	Adsnote = {Provided by the SAO/NASA Astrophysics Data System},
	Adsurl = {http://adsabs.harvard.edu/abs/2008MNRAS.388..247D},
	Author = {{de Oliveira-Costa}, A. and {Tegmark}, M. and {Gaensler}, B.~M. and {Jonas}, J. and {Landecker}, T.~L. and {Reich}, P.},
	Doi = {10.1111/j.1365-2966.2008.13376.x},
	Eprint = {arXiv:0802.1525},
	Journal = {\mnras},
	Month = jul,
	Pages = {247-260},
	Title = {{A model of diffuse Galactic radio emission from 10 MHz to 100 GHz}},
	Volume = 388,
	Year = 2008,
	Bdsk-Url-1 = {http://dx.doi.org/10.1111/j.1365-2966.2008.13376.x}}

@article{jelic_et_al2008,
	Adsnote = {Provided by the SAO/NASA Astrophysics Data System},
	Adsurl = {http://adsabs.harvard.edu/abs/2008MNRAS.389.1319J},
	Archiveprefix = {arXiv},
	Author = {{Jeli{\'c}}, V. and {Zaroubi}, S. and {Labropoulos}, P. and {Thomas}, R.~M. and {Bernardi}, G. and {Brentjens}, M.~A. and {de Bruyn}, A.~G. and {Ciardi}, B. and {Harker}, G. and {Koopmans}, L.~V.~E. and {Pandey}, V.~N. and {Schaye}, J. and {Yatawatta}, S.},
	Doi = {10.1111/j.1365-2966.2008.13634.x},
	Eprint = {0804.1130},
	Journal = {\mnras},
	Keywords = {instrumentation: interferometers , cosmology: observation , cosmology: theory , diffuse radiation , radio continuum: general , radio lines: general},
	Month = sep,
	Pages = {1319-1335},
	Title = {{Foreground simulations for the LOFAR-epoch of reionization experiment}},
	Volume = 389,
	Year = 2008,
	Bdsk-Url-1 = {http://dx.doi.org/10.1111/j.1365-2966.2008.13634.x}}

@article{bernardi_et_al2009,
	Adsnote = {Provided by the SAO/NASA Astrophysics Data System},
	Adsurl = {http://adsabs.harvard.edu/abs/2009A%26A...500..965B},
	Archiveprefix = {arXiv},
	Author = {{Bernardi}, G. and {de Bruyn}, A.~G. and {Brentjens}, M.~A. and {Ciardi}, B. and {Harker}, G. and {Jeli{\'c}}, V. and {Koopmans}, L.~V.~E. and {Labropoulos}, P. and {Offringa}, A. and {Pandey}, V.~N. and {Schaye}, J. and {Thomas}, R.~M. and {Yatawatta}, S. and {Zaroubi}, S.},
	Doi = {10.1051/0004-6361/200911627},
	Eprint = {0904.0404},
	Journal = {\aap},
	Keywords = {polarization, cosmology: diffuse radiation, cosmology: observations, radio continuum: general, ISM: general, ISM: magnetic fields},
	Month = jun,
	Pages = {965-979},
	Primaryclass = {astro-ph.CO},
	Title = {{Foregrounds for observations of the cosmological 21 cm line. I. First Westerbork measurements of Galactic emission at 150 MHz in a low latitude field}},
	Volume = 500,
	Year = 2009,
	Bdsk-Url-1 = {http://dx.doi.org/10.1051/0004-6361/200911627}}

@article{bernardi_et_al2010,
	Adsnote = {Provided by the SAO/NASA Astrophysics Data System},
	Adsurl = {http://adsabs.harvard.edu/abs/2010A%26A...522A..67B},
	Archiveprefix = {arXiv},
	Author = {{Bernardi}, G. and {de Bruyn}, A.~G. and {Harker}, G. and {Brentjens}, M.~A. and {Ciardi}, B. and {Jeli{\'c}}, V. and {Koopmans}, L.~V.~E. and {Labropoulos}, P. and {Offringa}, A. and {Pandey}, V.~N. and {Schaye}, J. and {Thomas}, R.~M. and {Yatawatta}, S. and {Zaroubi}, S.},
	Doi = {10.1051/0004-6361/200913420},
	Eprint = {1002.4177},
	Journal = {\aap},
	Keywords = {polarization, diffuse radiation, cosmology: observations, ISM: general},
	Month = nov,
	Pages = {A67+},
	Primaryclass = {astro-ph.CO},
	Title = {{Foregrounds for observations of the cosmological 21 cm line. II. Westerbork observations of the fields around 3C 196 and the North Celestial Pole}},
	Volume = 522,
	Year = 2010,
	Bdsk-Url-1 = {http://dx.doi.org/10.1051/0004-6361/200913420}}

@article{ghosh_et_al2011,
	Adsnote = {Provided by the SAO/NASA Astrophysics Data System},
	Adsurl = {http://adsabs.harvard.edu/abs/2011MNRAS.418.2584G},
	Archiveprefix = {arXiv},
	Author = {{Ghosh}, A. and {Bharadwaj}, S. and {Ali}, S.~S. and {Chengalur}, J.~N.},
	Doi = {10.1111/j.1365-2966.2011.19649.x},
	Eprint = {1108.3707},
	Journal = {\mnras},
	Keywords = {techniques: interferometric, diffuse radiation, large-scale structure of Universe, radio continuum: general},
	Month = dec,
	Pages = {2584-2589},
	Primaryclass = {astro-ph.CO},
	Title = {{Improved foreground removal in GMRT 610 MHz observations towards redshifted 21-cm tomography}},
	Volume = 418,
	Year = 2011,
	Bdsk-Url-1 = {http://dx.doi.org/10.1111/j.1365-2966.2011.19649.x}}

@article{tegmark_et_al2000,
	Adsnote = {Provided by the SAO/NASA Astrophysics Data System},
	Adsurl = {http://adsabs.harvard.edu/abs/2000ApJ...530..133T},
	Author = {{Tegmark}, M. and {Eisenstein}, D.~J. and {Hu}, W. and {de Oliveira-Costa}, A.},
	Doi = {10.1086/308348},
	Eprint = {arXiv:astro-ph/9905257},
	Journal = {\apj},
	Month = feb,
	Pages = {133-165},
	Title = {{Foregrounds and Forecasts for the Cosmic Microwave Background}},
	Volume = 530,
	Year = 2000,
	Bdsk-Url-1 = {http://dx.doi.org/10.1086/308348}}

@article{2012ApJ...756..165P,
	Adsnote = {Provided by the SAO/NASA Astrophysics Data System},
	Adsurl = {http://adsabs.harvard.edu/abs/2012ApJ...756..165P},
	Archiveprefix = {arXiv},
	Author = {{Parsons}, A.~R. and {Pober}, J.~C. and {Aguirre}, J.~E. and {Carilli}, C.~L. and {Jacobs}, D.~C. and {Moore}, D.~F.},
	Doi = {10.1088/0004-637X/756/2/165},
	Eid = {165},
	Eprint = {1204.4749},
	Journal = {\apj},
	Keywords = {cosmology: observations, instrumentation: interferometers, radio continuum: general, site testing, techniques: interferometric, telescopes},
	Month = sep,
	Pages = {165},
	Primaryclass = {astro-ph.IM},
	Title = {{A Per-baseline, Delay-spectrum Technique for Accessing the 21 cm Cosmic Reionization Signature}},
	Volume = 756,
	Year = 2012,
	Bdsk-Url-1 = {http://dx.doi.org/10.1088/0004-637X/756/2/165}}

@article{2015arXiv150205072M,
	Adsnote = {Provided by the SAO/NASA Astrophysics Data System},
	Adsurl = {http://adsabs.harvard.edu/abs/2015arXiv150205072M},
	Archiveprefix = {arXiv},
	Author = {{Moore}, D. and {Aguirre}, J.~E. and {Parsons}, A. and {Ali}, Z. and {Bradley}, R. and {Carilli}, C. and {DeBoer}, D. and {Dexter}, M. and {Gugliucci}, N. and {Jacobs}, D. and {Klima}, P. and {Liu}, A. and {MacMahon}, D. and {Manley}, J. and {Pober}, J. and {Stefan}, I. and {Walbrugh}, W.},
	Eprint = {1502.05072},
	Journal = {ArXiv e-prints},
	Keywords = {Astrophysics - Cosmology and Nongalactic Astrophysics, Astrophysics - Instrumentation and Methods for Astrophysics},
	Month = feb,
	Title = {{New Limits on Polarized Power Spectra at 126 and 164 MHz: Relevance to Epoch of Reionization Measurements}},
	Year = 2015}

@phdthesis{2009PhDT.......202P,
	Adsnote = {Provided by the SAO/NASA Astrophysics Data System},
	Adsurl = {http://adsabs.harvard.edu/abs/2009PhDT.......202P},
	Author = {{Parsons}, A.~R.},
	School = {University of California, Berkeley},
	Title = {{Low-frequency interferometry: Design, calibration, and analysis towards detecting the epoch of reionization}},
	Year = 2009}

@article{2013ApJ...769..154M,
	Adsnote = {Provided by the SAO/NASA Astrophysics Data System},
	Adsurl = {http://adsabs.harvard.edu/abs/2013ApJ...769..154M},
	Archiveprefix = {arXiv},
	Author = {{Moore}, D.~F. and {Aguirre}, J.~E. and {Parsons}, A.~R. and {Jacobs}, D.~C. and {Pober}, J.~C.},
	Doi = {10.1088/0004-637X/769/2/154},
	Eid = {154},
	Eprint = {1302.0876},
	Journal = {\apj},
	Keywords = {cosmology: observations, instrumentation: interferometers, instrumentation: polarimeters},
	Month = jun,
	Pages = {154},
	Primaryclass = {astro-ph.CO},
	Title = {{The Effects of Polarized Foregrounds on 21 cm Epoch of Reionization Power Spectrum Measurements}},
	Volume = 769,
	Year = 2013,
	Bdsk-Url-1 = {http://dx.doi.org/10.1088/0004-637X/769/2/154}}

@article{2014ApJ...788..106P,
	Adsnote = {Provided by the SAO/NASA Astrophysics Data System},
	Adsurl = {http://adsabs.harvard.edu/abs/2014ApJ...788..106P},
	Archiveprefix = {arXiv},
	Author = {{Parsons}, A.~R. and {Liu}, A. and {Aguirre}, J.~E. and {Ali}, Z.~S. and {Bradley}, R.~F. and {Carilli}, C.~L. and {\em etal}},
	Date-Modified = {2015-06-03 22:26:29 +0000},
	Doi = {10.1088/0004-637X/788/2/106},
	Eid = {106},
	Eprint = {1304.4991},
	Journal = {\apj},
	Keywords = {cosmology: observations, dark ages, reionization, first stars, early universe, instrumentation: interferometers, intergalactic medium, radio continuum: general},
	Month = jun,
	Pages = {106},
	Title = {{New Limits on 21 cm Epoch of Reionization from PAPER-32 Consistent with an X-Ray Heated Intergalactic Medium at z = 7.7}},
	Volume = 788,
	Year = 2014,
	Bdsk-Url-1 = {http://dx.doi.org/10.1088/0004-637X/788/2/106}}

@article{2010AJ....139.1468P,
	Adsnote = {Provided by the SAO/NASA Astrophysics Data System},
	Adsurl = {http://adsabs.harvard.edu/abs/2010AJ....139.1468P},
	Archiveprefix = {arXiv},
	Author = {{Parsons}, A.~R. and {Backer}, D.~C. and {Foster}, G.~S. and {Wright}, M.~C.~H. and {Bradley}, R.~F. and {Gugliucci}, N.~E. and {Parashare}, C.~R. and {Benoit}, E.~E. and {Aguirre}, J.~E. and {Jacobs}, D.~C. and {Carilli}, C.~L. and {Herne}, D. and {Lynch}, M.~J. and {Manley}, J.~R. and {Werthimer}, D.~J.},
	Doi = {10.1088/0004-6256/139/4/1468},
	Eprint = {0904.2334},
	Journal = {\aj},
	Keywords = {cosmology: observations, instrumentation: interferometers, radio continuum: general, techniques: interferometric, site testing, telescopes},
	Month = apr,
	Pages = {1468-1480},
	Title = {{The Precision Array for Probing the Epoch of Re-ionization: Eight Station Results}},
	Volume = 139,
	Year = 2010,
	Bdsk-Url-1 = {http://dx.doi.org/10.1088/0004-6256/139/4/1468}}

@article{2013ApJ...768L..36P,
	Adsnote = {Provided by the SAO/NASA Astrophysics Data System},
	Adsurl = {http://adsabs.harvard.edu/abs/2013ApJ...768L..36P},
	Archiveprefix = {arXiv},
	Author = {{Pober}, J.~C. and {Parsons}, A.~R. and {Aguirre}, J.~E. and {Ali}, Z. and {Bradley}, R.~F. and {Carilli}, C.~L. and {\em etal}},
	Date-Modified = {2015-06-03 22:27:41 +0000},
	Doi = {10.1088/2041-8205/768/2/L36},
	Eid = {L36},
	Eprint = {1301.7099},
	Journal = {\apj},
	Keywords = {cosmology: observations, dark ages, reionization, first stars, techniques: interferometric},
	Month = may,
	Pages = {L36},
	Primaryclass = {astro-ph.CO},
	Title = {{Opening the 21 cm Epoch of Reionization Window: Measurements of Foreground Isolation with PAPER}},
	Volume = 768,
	Year = 2013,
	Bdsk-Url-1 = {http://dx.doi.org/10.1088/2041-8205/768/2/L36}}

@article{2014ApJ...782...66P,
	Adsnote = {Provided by the SAO/NASA Astrophysics Data System},
	Adsurl = {http://adsabs.harvard.edu/abs/2014ApJ...782...66P},
	Archiveprefix = {arXiv},
	Author = {{Pober}, J.~C. and {Liu}, A. and {Dillon}, J.~S. and {Aguirre}, J.~E. and {Bowman}, J.~D. and {Bradley}, R.~F. and {Carilli}, C.~L. and {DeBoer}, D.~R. and {Hewitt}, J.~N. and {Jacobs}, D.~C. and {McQuinn}, M. and {Morales}, M.~F. and {Parsons}, A.~R. and {Tegmark}, M. and {Werthimer}, D.~J.},
	Doi = {10.1088/0004-637X/782/2/66},
	Eid = {66},
	Eprint = {1310.7031},
	Journal = {\apj},
	Keywords = {dark ages, reionization, first stars, techniques: interferometric},
	Month = feb,
	Pages = {66},
	Title = {{What Next-generation 21 cm Power Spectrum Measurements can Teach us About the Epoch of Reionization}},
	Volume = 782,
	Year = 2014,
	Bdsk-Url-1 = {http://dx.doi.org/10.1088/0004-637X/782/2/66}}

@article{2013AJ....145...65P,
	Adsnote = {Provided by the SAO/NASA Astrophysics Data System},
	Adsurl = {http://adsabs.harvard.edu/abs/2013AJ....145...65P},
	Archiveprefix = {arXiv},
	Author = {{Pober}, J.~C. and {Parsons}, A.~R. and {DeBoer}, D.~R. and {McDonald}, P. and {McQuinn}, M. and {Aguirre}, J.~E. and {Ali}, Z. and {Bradley}, R.~F. and {Chang}, T.-C. and {Morales}, M.~F.},
	Doi = {10.1088/0004-6256/145/3/65},
	Eid = {65},
	Eprint = {1210.2413},
	Journal = {\aj},
	Keywords = {cosmological parameters, distance scale, instrumentation: interferometers, large-scale structure of universe, techniques: interferometric},
	Month = mar,
	Pages = {65},
	Primaryclass = {astro-ph.CO},
	Title = {{The Baryon Acoustic Oscillation Broadband and Broad-beam Array: Design Overview and Sensitivity Forecasts}},
	Volume = 145,
	Year = 2013,
	Bdsk-Url-1 = {http://dx.doi.org/10.1088/0004-6256/145/3/65}}

@article{2015arXiv150300045P,
	Adsnote = {Provided by the SAO/NASA Astrophysics Data System},
	Adsurl = {http://adsabs.harvard.edu/abs/2015arXiv150300045P},
	Archiveprefix = {arXiv},
	Author = {{Pober}, J.~C. and {Ali}, Z.~S. and {Parsons}, A.~R. and {McQuinn}, M. and {Aguirre}, J.~E. and {Bernardi}, G. and {Bradley}, R.~F. and {Carilli}, C.~L. and {Cheng}, C. and {DeBoer}, D.~R. and {Dexter}, M.~R. and {Furlanetto}, S.~R. and {Grobbelaar}, J. and {Horrell}, J. and {Jacobs}, D.~C. and {Klima}, P.~J. and {Kohn}, S.~A. and {Liu}, A. and {MacMahon}, D.~H.~E. and {Maree}, M. and {Mesinger}, A. and {Moore}, D.~F. and {Razavi-Ghods}, N. and {Stefan}, I.~I. and {Walbrugh}, W.~P. and {Walker}, A. and {Zheng}, H.},
	Eprint = {1503.00045},
	Journal = {ArXiv e-prints},
	Keywords = {Astrophysics - Cosmology and Nongalactic Astrophysics},
	Month = feb,
	Title = {{PAPER-64 Constraints On Reionization II: The Temperature Of The z=8.4 Intergalactic Medium}},
	Year = 2015}

@article{2013MNRAS.432.1285S,
	Adsnote = {Provided by the SAO/NASA Astrophysics Data System},
	Adsurl = {http://adsabs.harvard.edu/abs/2013MNRAS.432.1285S},
	Archiveprefix = {arXiv},
	Author = {{Stefan}, I.~I. and {Carilli}, C.~L. and {Green}, D.~A. and {Ali}, Z. and {Aguirre}, J.~E. and {Bradley}, R.~F. and {DeBoer}, D. and {Dexter}, M. and {Gugliucci}, N.~E. and {Harris}, D.~E. and {Jacobs}, D.~C. and {Klima}, P. and {MacMahon}, D. and {Manley}, J. and {Moore}, D.~F. and {Parsons}, A.~R. and {Pober}, J.~C. and {Walbrugh}, W.~P.},
	Doi = {10.1093/mnras/stt548},
	Eprint = {1212.1624},
	Journal = {\mnras},
	Keywords = {instrumentation: interferometers, galaxies: active, galaxies: individual: Centaurus A, galaxies: structure, X-rays: galaxies},
	Month = jun,
	Pages = {1285-1293},
	Primaryclass = {astro-ph.CO},
	Title = {{Imaging on PAPER: Centaurus A at 148 MHz}},
	Volume = 432,
	Year = 2013,
	Bdsk-Url-1 = {http://dx.doi.org/10.1093/mnras/stt548}}

@article{2013ApJ...776..108J,
	Adsnote = {Provided by the SAO/NASA Astrophysics Data System},
	Adsurl = {http://adsabs.harvard.edu/abs/2013ApJ...776..108J},
	Archiveprefix = {arXiv},
	Author = {{Jacobs}, D.~C. and {Parsons}, A.~R. and {Aguirre}, J.~E. and {Ali}, Z. and {Bowman}, J. and {Bradley}, R.~F. and {Carilli}, C.~L. and {DeBoer}, D.~R. and {Dexter}, M.~R. and {Gugliucci}, N.~E. and {Klima}, P. and {MacMahon}, D.~H.~E. and {Manley}, J.~R. and {Moore}, D.~F. and {Pober}, J.~C. and {Stefan}, I.~I. and {Walbrugh}, W.~P.},
	Doi = {10.1088/0004-637X/776/2/108},
	Eid = {108},
	Eprint = {1307.7716},
	Journal = {\apj},
	Keywords = {dark ages, reionization, first stars, catalogs, instrumentation: interferometers},
	Month = oct,
	Pages = {108},
	Primaryclass = {astro-ph.CO},
	Title = {{A Flux Scale for Southern Hemisphere 21 cm Epoch of Reionization Experiments}},
	Volume = 776,
	Year = 2013,
	Bdsk-Url-1 = {http://dx.doi.org/10.1088/0004-637X/776/2/108}}

@article{2011ApJ...734L..34J,
	Adsnote = {Provided by the SAO/NASA Astrophysics Data System},
	Adsurl = {http://adsabs.harvard.edu/abs/2011ApJ...734L..34J},
	Archiveprefix = {arXiv},
	Author = {{Jacobs}, D.~C. and {Aguirre}, J.~E. and {Parsons}, A.~R. and {Pober}, J.~C. and {Bradley}, R.~F. and {Carilli}, C.~L. and {Gugliucci}, N.~E. and {Manley}, J.~R. and {van der Merwe}, C. and {Moore}, D.~F. and {Parashare}, C.~R.},
	Doi = {10.1088/2041-8205/734/2/L34},
	Eid = {L34},
	Eprint = {1105.1367},
	Journal = {\apjl},
	Keywords = {catalogs, dark ages, reionization, first stars, instrumentation: interferometers},
	Month = jun,
	Pages = {L34},
	Primaryclass = {astro-ph.CO},
	Title = {{New 145 MHz Source Measurements by PAPER in the Southern Sky}},
	Volume = 734,
	Year = 2011,
	Bdsk-Url-1 = {http://dx.doi.org/10.1088/2041-8205/734/2/L34}}

@article{2012AJ....143...53P,
	Adsnote = {Provided by the SAO/NASA Astrophysics Data System},
	Adsurl = {http://adsabs.harvard.edu/abs/2012AJ....143...53P},
	Archiveprefix = {arXiv},
	Author = {{Pober}, J.~C. and {Parsons}, A.~R. and {Jacobs}, D.~C. and {Aguirre}, J.~E. and {Bradley}, R.~F. and {Carilli}, C.~L. and {Gugliucci}, N.~E. and {Moore}, D.~F. and {Parashare}, C.~R.},
	Doi = {10.1088/0004-6256/143/2/53},
	Eid = {53},
	Eprint = {1111.2882},
	Journal = {\aj},
	Keywords = {instrumentation: interferometers, methods: miscellaneous, techniques: interferometric},
	Month = feb,
	Pages = {53},
	Primaryclass = {astro-ph.IM},
	Title = {{A Technique for Primary Beam Calibration of Drift-scanning, Wide-field Antenna Elements}},
	Volume = 143,
	Year = 2012,
	Bdsk-Url-1 = {http://dx.doi.org/10.1088/0004-6256/143/2/53}}

@article{2015ApJ...801...51J,
	Adsnote = {Provided by the SAO/NASA Astrophysics Data System},
	Adsurl = {http://adsabs.harvard.edu/abs/2015ApJ...801...51J},
	Archiveprefix = {arXiv},
	Author = {{Jacobs}, D.~C. and {Pober}, J.~C. and {Parsons}, A.~R. and {Aguirre}, J.~E. and {Ali}, Z.~S. and {Bowman}, J. and {Bradley}, R.~F. and {Carilli}, C.~L. and {DeBoer}, D.~R. and {Dexter}, M.~R. and {Gugliucci}, N.~E. and {Klima}, P. and {Liu}, A. and {MacMahon}, D.~H.~E. and {Manley}, J.~R. and {Moore}, D.~F. and {Stefan}, I.~I. and {Walbrugh}, W.~P.},
	Doi = {10.1088/0004-637X/801/1/51},
	Eid = {51},
	Eprint = {1408.3389},
	Journal = {\apj},
	Keywords = {dark ages, reionization, first stars, techniques: interferometric},
	Month = mar,
	Pages = {51},
	Title = {{Multiredshift Limits on the 21 cm Power Spectrum from PAPER}},
	Volume = 801,
	Year = 2015,
	Bdsk-Url-1 = {http://dx.doi.org/10.1088/0004-637X/801/1/51}}

@article{2015PhRvD..91b3002D,
	Adsnote = {Provided by the SAO/NASA Astrophysics Data System},
	Archiveprefix = {arXiv},
	Author = {{Dillon}, J.~S. and {Tegmark}, M. and {Liu}, A. and {Ewall-Wice}, A. and {Hewitt}, J.~N. and {Morales}, M.~F. and {\em etal}},
	Date-Modified = {2015-06-03 22:22:33 +0000},
	Eid = {023002},
	Eprint = {1410.0963},
	Journal = {Phys. Rev. D},
	Keywords = {Observation and data reduction techniques, computer modeling and simulation, Interferometry, Intergalactic matter, quasar absorption and emission-line systems, Lyman forest, Observational cosmology},
	Month = jan,
	Number = 2,
	Pages = {023002},
	Title = {{Mapmaking for precision 21 cm cosmology}},
	Volume = 91,
	Year = 2015,
	Bdsk-Url-1 = {http://dx.doi.org/10.1103/PhysRevD.91.023002}}

@phdthesis{2013PhDT.......168P,
	Adsnote = {Provided by the SAO/NASA Astrophysics Data System},
	Adsurl = {http://adsabs.harvard.edu/abs/2013PhDT.......168P},
	Author = {{Pober}, J.},
	School = {University of California, Berkeley},
	Title = {{Overcoming the Challenges of 21cm Cosmology}},
	Year = 2013}

@article{2009AJ....138..219P,
	Adsnote = {Provided by the SAO/NASA Astrophysics Data System},
	Adsurl = {http://adsabs.harvard.edu/abs/2009AJ....138..219P},
	Archiveprefix = {arXiv},
	Author = {{Parsons}, A.~R. and {Backer}, D.~C.},
	Doi = {10.1088/0004-6256/138/1/219},
	Eprint = {0901.2575},
	Journal = {\aj},
	Keywords = {instrumentation: interferometers, methods: data analysis, techniques: interferometric},
	Month = jul,
	Pages = {219-226},
	Primaryclass = {astro-ph.IM},
	Title = {{Calibration of Low-Frequency, Wide-Field Radio Interferometers Using Delay/Delay-Rate Filtering}},
	Volume = 138,
	Year = 2009,
	Bdsk-Url-1 = {http://dx.doi.org/10.1088/0004-6256/138/1/219}}

@article{2015arXiv150101633P,
	Adsnote = {Provided by the SAO/NASA Astrophysics Data System},
	Adsurl = {http://adsabs.harvard.edu/abs/2015arXiv150101633P},
	Archiveprefix = {arXiv},
	Author = {{Presley}, M. and {Liu}, A. and {Parsons}, A.},
	Eprint = {1501.01633},
	Journal = {ArXiv e-prints},
	Keywords = {Astrophysics - Cosmology and Nongalactic Astrophysics, Astrophysics - Instrumentation and Methods for Astrophysics},
	Month = jan,
	Title = {{Measuring the Cosmological 21 cm Monopole with an Interferometer}},
	Year = 2015}

@article{2014PhRvD..90b3019L,
	Adsnote = {Provided by the SAO/NASA Astrophysics Data System},
	Adsurl = {http://adsabs.harvard.edu/abs/2014PhRvD..90b3019L},
	Archiveprefix = {arXiv},
	Author = {{Liu}, A. and {Parsons}, A.~R. and {Trott}, C.~M.},
	Doi = {10.1103/PhysRevD.90.023019},
	Eid = {023019},
	Eprint = {1404.4372},
	Journal = {\prd},
	Keywords = {Observation and data reduction techniques, computer modeling and simulation, Mathematical procedures and computer techniques, Cosmology, Observational cosmology},
	Month = jul,
	Number = 2,
	Pages = {023019},
	Title = {{Epoch of reionization window. II. Statistical methods for foreground wedge reduction}},
	Volume = 90,
	Year = 2014,
	Bdsk-Url-1 = {http://dx.doi.org/10.1103/PhysRevD.90.023019}}

@article{2014PhRvD..90b3018L,
	Adsnote = {Provided by the SAO/NASA Astrophysics Data System},
	Adsurl = {http://adsabs.harvard.edu/abs/2014PhRvD..90b3018L},
	Archiveprefix = {arXiv},
	Author = {{Liu}, A. and {Parsons}, A.~R. and {Trott}, C.~M.},
	Doi = {10.1103/PhysRevD.90.023018},
	Eid = {023018},
	Eprint = {1404.2596},
	Journal = {\prd},
	Keywords = {Observation and data reduction techniques, computer modeling and simulation, Mathematical procedures and computer techniques, Cosmology, Observational cosmology},
	Month = jul,
	Number = 2,
	Pages = {023018},
	Title = {{Epoch of reionization window. I. Mathematical formalism}},
	Volume = 90,
	Year = 2014,
	Bdsk-Url-1 = {http://dx.doi.org/10.1103/PhysRevD.90.023018}}

@article{2012ApJ...753...81P,
	Adsnote = {Provided by the SAO/NASA Astrophysics Data System},
	Adsurl = {http://adsabs.harvard.edu/abs/2012ApJ...753...81P},
	Archiveprefix = {arXiv},
	Author = {{Parsons}, A. and {Pober}, J. and {McQuinn}, M. and {Jacobs}, D. and {Aguirre}, J.},
	Doi = {10.1088/0004-637X/753/1/81},
	Eid = {81},
	Eprint = {1103.2135},
	Journal = {\apj},
	Keywords = {cosmology: observations, instrumentation: interferometers, methods: observational, techniques: interferometric, telescopes},
	Month = jul,
	Pages = {81},
	Primaryclass = {astro-ph.IM},
	Title = {{A Sensitivity and Array-configuration Study for Measuring the Power Spectrum of 21 cm Emission from Reionization}},
	Volume = 753,
	Year = 2012,
	Bdsk-Url-1 = {http://dx.doi.org/10.1088/0004-637X/753/1/81}}

@article{2015arXiv150206016A,
	Adsnote = {Provided by the SAO/NASA Astrophysics Data System},
	Adsurl = {http://adsabs.harvard.edu/abs/2015arXiv150206016A},
	Archiveprefix = {arXiv},
	Author = {{Ali}, Z.~S. and {Parsons}, A.~R. and {Zheng}, H. and {Pober}, J.~C. and {Liu}, A. and {Aguirre}, J.~E. and {\em etal}},
	Date-Modified = {2015-06-03 22:25:08 +0000},
	Eprint = {1502.06016},
	Journal = {ArXiv e-prints},
	Keywords = {Astrophysics - Cosmology and Nongalactic Astrophysics},
	Month = feb,
	Title = {{PAPER-64 Constraints on Reionization: The 21cm Power Spectrum at z=8.4}},
	Year = 2015}

@article{Chang:2010fk,
	Author = {Tzu-Ching Chang and Ue-Li Pen and Kevin Bandura and Jeffrey B. Peterson},
	Date-Added = {2012-09-07 17:46:10 -0700},
	Date-Modified = {2012-09-07 17:46:10 -0700},
	Eprint = {1007.3709},
	Journal = {Nature, July 22, 2010},
	Month = {07},
	Title = {Hydrogen 21-cm Intensity Mapping at redshift 0.8},
	Url = {http://arxiv.org/abs/1007.3709},
	Year = {2010},
	Bdsk-Url-1 = {http://arxiv.org/abs/1007.3709}}

@article{Wright:2006hc,
	Author = {Edward L. Wright},
	Date-Added = {2012-09-07 16:25:31 -0700},
	Date-Modified = {2012-09-07 16:25:31 -0700},
	Eprint = {astro-ph/0609593},
	Journal = {Publ.Astron.Soc.Pac.},
	Pages = {1711-1715},
	Title = {A Cosmology Calculator for the World Wide Web},
	Url = {http://arxiv.org/abs/astro-ph/0609593},
	Volume = {118},
	Year = {2006},
	Bdsk-Url-1 = {http://arxiv.org/abs/astro-ph/0609593}}

@book{TMS,
	Adsnote = {Provided by the SAO/NASA Astrophysics Data System},
	Adsurl = {http://adsabs.harvard.edu/abs/1986isra.book.....T},
	Author = {{Thompson}, A.~R. and {Moran}, J.~M. and {Swenson}, G.~W.},
	Booktitle = {New York, Wiley-Interscience, 1986, 554 p.},
	Date-Added = {2012-09-07 16:22:16 -0700},
	Date-Modified = {2012-09-07 16:22:50 -0700},
	Keywords = {ANTENNA ARRAYS, RADIO ASTRONOMY, RADIO INTERFEROMETERS, SIGNAL PROCESSING, ASTROMETRY, FOURIER TRANSFORMATION, GEODESY, RADIO FREQUENCY INTERFERENCE, VERY LONG BASE INTERFEROMETRY, WAVE PROPAGATION},
	Title = {{Interferometry and synthesis in radio astronomy}},
	Year = 1986}

@article{Lidz:2007tg,
	Author = {Adam Lidz and Oliver Zahn and Matthew McQuinn and Matias Zaldarriaga and Suvendra Dutta and Lars Hernquist},
	Date-Added = {2012-09-07 16:16:43 -0700},
	Date-Modified = {2012-09-07 16:16:43 -0700},
	Eprint = {astro-ph/0610054},
	Journal = {Astrophys.J.},
	Pages = {865-876},
	Title = {Higher Order Contributions to the 21 cm Power Spectrum},
	Url = {http://arxiv.org/abs/astro-ph/0610054},
	Volume = {659},
	Year = {2007},
	Bdsk-Url-1 = {http://arxiv.org/abs/astro-ph/0610054}}

@article{McQuinn:2006kl,
	Author = {Matthew McQuinn and Oliver Zahn and Matias Zaldarriaga and Lars Hernquist and Steven R. Furlanetto},
	Date-Added = {2012-09-07 16:16:38 -0700},
	Date-Modified = {2012-09-07 16:16:38 -0700},
	Eprint = {astro-ph/0512263},
	Journal = {Astrophys.J.},
	Pages = {815-830},
	Title = {Cosmological Parameter Estimation Using 21 cm Radiation from the Epoch of Reionization},
	Url = {http://arxiv.org/abs/astro-ph/0512263},
	Volume = {653},
	Year = {2006},
	Bdsk-Url-1 = {http://arxiv.org/abs/astro-ph/0512263}}

@article{Carilli:2011oq,
	Author = {C.L. Carilli},
	Date-Added = {2012-09-07 16:12:26 -0700},
	Date-Modified = {2012-09-07 16:12:26 -0700},
	Eprint = {1102.0745},
	Month = {02},
	Title = {Intensity mapping of molecular gas during cosmic reionization},
	Url = {http://arxiv.org/abs/1102.0745},
	Year = {2011},
	Bdsk-Url-1 = {http://arxiv.org/abs/1102.0745}}

@article{Gong:2011nx,
	Author = {Yan Gong and Asantha Cooray and Marta B. Silva and Mario G. Santos and Phillip Lubin},
	Date-Added = {2012-09-07 16:11:20 -0700},
	Date-Modified = {2012-09-07 16:11:20 -0700},
	Eprint = {1101.2892},
	Journal = {ApJ,},
	Pages = {L46},
	Title = {Probing Reionization with Intensity Mapping of Molecular and Fine Structure Lines},
	Url = {http://arxiv.org/abs/1101.2892},
	Volume = {728},
	Year = {2011},
	Bdsk-Url-1 = {http://arxiv.org/abs/1101.2892}}

@article{Wang:2011cr,
	Author = {Ran Wang and Jeff Wagg and Chris L. Carilli and Fabian Walter and Dominik. A. Riechers and Chris Willott and Frank Bertoldi and Alain Omont and Alexandre Beelen and Pierre Cox and Michael A. Strauss and Jacqueline Bergeron and Thierry Forveille and Karl M. Menten and Xiaohui Fan},
	Date-Added = {2012-09-07 16:09:45 -0700},
	Date-Modified = {2012-09-07 16:09:45 -0700},
	Eprint = {1105.4199},
	Month = {05},
	Title = {CO (2-1) Line Emission in Redshift 6 Quasar Host Galaxies},
	Url = {http://arxiv.org/abs/1105.4199},
	Year = {2011},
	Bdsk-Url-1 = {http://arxiv.org/abs/1105.4199}}

@article{Bowman:2012dq,
	Author = {Judd D. Bowman and Alan E. E. Rogers},
	Date-Added = {2012-09-07 16:07:34 -0700},
	Date-Modified = {2012-09-07 16:07:34 -0700},
	Eprint = {1209.1117},
	Journal = {Nature, Volume 468, Issue 7325, pp. 796-798 (2010)},
	Month = {09},
	Title = {A lower limit of dz > 0.06 for the duration of the reionization epoch},
	Url = {http://arxiv.org/abs/1209.1117},
	Year = {2012},
	Bdsk-Url-1 = {http://arxiv.org/abs/1209.1117}}

@article{Zaroubi:2012bh,
	Author = {S. Zaroubi and A. G. de Bruyn and G. Harker and R. M. Thomas and P. Labropolous and V. Jelic and L. V. E. Koopmans and M. A. Brentjens and G. Bernardi and B. Ciardi and S. Daiboo and S. Kazemi and O. Martinez-Rubi and G. Mellema and A. R. Offringa and V. N. Pandey and J. Schaye and V. Veligatla and H. Vedantham and S. Yatawatta},
	Date-Added = {2012-09-07 16:06:50 -0700},
	Date-Modified = {2012-09-07 16:06:50 -0700},
	Eprint = {1205.3449},
	Month = {05},
	Title = {Imaging neutral hydrogen on large-scales during the Epoch of Reionization with LOFAR},
	Url = {http://arxiv.org/abs/1205.3449},
	Year = {2012},
	Bdsk-Url-1 = {http://arxiv.org/abs/1205.3449}}

@article{Paciga:2010qf,
	Author = {Gregory Paciga and Tzu-Ching Chang and Yashwant Gupta and Rajaram Nityanada and Julia Odegova and Ue-Li Pen and Jeffrey Peterson and Jayanta Roy and Kris Sigurdson},
	Date-Added = {2012-09-07 16:05:04 -0700},
	Date-Modified = {2012-09-07 16:05:04 -0700},
	Eprint = {1006.1351},
	Month = {06},
	Title = {The GMRT-EoR Experiment: A new upper limit on the neutral hydrogen power spectrum at z~8.6},
	Url = {http://arxiv.org/abs/1006.1351},
	Year = {2010},
	Bdsk-Url-1 = {http://arxiv.org/abs/1006.1351}}

@article{Mitchell:2010ve,
	Author = {Daniel A. Mitchell and Lincoln J. Greenhill and Stephen M. Ord and Gianni Bernardi and Randall B. Wayth and Richard G. Edgar and Michael A. Clark and Kevin Dal and Hanspeter Pfister and Stewart J. Gleadow and W. Arcus and F.H. Briggs and L. Benkevitch and J.D. Bowman and J.D. Bunton and S. Burns and R.J. Cappallo and B.E. Corey and A. de Oliveira-Costa and L. Desouza and S.S. Doeleman and M.F. Derome and D. Emrich and M. Glossop and R. Goeke and M.R. Gopala Krishna and B. Hazelton and D.E. Herne and J.N. Hewitt and P.A. Kamini and D.L. Kaplan and J.C. Kasper and B.B. Kincaid and J. Kocz and E. Kowald and E. Kratzenberg and D. Kumar and C.J. Lonsdale and M.J. Lynch and S. Madhavi and M. Matejek and S.R. McWhirter and M.F. Morales and E. Morgan and D. Oberoi and J. Pathikulangara and T. Prabu and A. Rogers and J.E. Salah and R.J. Sault and N. Udaya Shankar and K.S. Srivani and J. Stevens and S.J. Tingay and A. Vaccarella and M. Waterson and R.L. Webster},
	Date-Added = {2012-09-07 16:03:50 -0700},
	Date-Modified = {2012-09-07 16:03:50 -0700},
	Eprint = {1008.2551},
	Month = {08},
	Title = {The Murchison Widefield Array},
	Url = {http://arxiv.org/abs/1008.2551},
	Year = {2010},
	Bdsk-Url-1 = {http://arxiv.org/abs/1008.2551}}

@article{Solomon:2005zr,
	Author = {P.M. Solomon and P.A. Vanden Bout},
	Date-Added = {2012-09-07 16:00:15 -0700},
	Date-Modified = {2012-09-07 16:00:15 -0700},
	Eprint = {astro-ph/0508481},
	Journal = {Ann.Rev.Astron.Astrophys.},
	Pages = {677-725},
	Title = {Molecular Gas at High Redshift},
	Url = {http://arxiv.org/abs/astro-ph/0508481},
	Volume = {43},
	Year = {2005},
	Bdsk-Url-1 = {http://arxiv.org/abs/astro-ph/0508481}}

@article{Komatsu:2011ys,
	Author = {E. Komatsu and K. M. Smith and J. Dunkley and C. L. Bennett and B. Gold and G. Hinshaw and N. Jarosik and D. Larson and M. R. Nolta and L. Page and D. N. Spergel and M. Halpern and R. S. Hill and A. Kogut and M. Limon and S. S. Meyer and N. Odegard and G. S. Tucker and J. L. Weiland and E. Wollack and E. L. Wright},
	Date-Added = {2012-09-07 15:59:02 -0700},
	Date-Modified = {2012-09-07 15:59:02 -0700},
	Eprint = {1001.4538},
	Journal = {Astrophys.J.Suppl.},
	Pages = {18},
	Title = {Seven-Year Wilkinson Microwave Anisotropy Probe (WMAP) Observations: Cosmological Interpretation},
	Url = {http://arxiv.org/abs/1001.4538},
	Volume = {192},
	Year = {2011},
	Bdsk-Url-1 = {http://arxiv.org/abs/1001.4538}}

@article{Fan:2006vn,
	Author = {Xiaohui Fan and Michael A. Strauss and Robert H. Becker and Richard L. White and James E. Gunn and Gillian R. Knapp and Gordon T. Richards and Donald P. Schneider and J. Brinkmann and Masataka Fukugita},
	Date-Added = {2012-09-07 15:53:07 -0700},
	Date-Modified = {2012-09-07 15:53:07 -0700},
	Eprint = {astro-ph/0512082},
	Journal = {Astron.J.},
	Pages = {117-136},
	Title = {Constraining the Evolution of the Ionizing Background and the Epoch of Reionization with z ~ 6 Quasars II: A Sample of 19 Quasars},
	Url = {http://arxiv.org/abs/astro-ph/0512082},
	Volume = {132},
	Year = {2006},
	Bdsk-Url-1 = {http://arxiv.org/abs/astro-ph/0512082}}

@article{Fan:2006kx,
	Author = {Xiaohui Fan and C.L. Carilli and B. Keating},
	Date-Added = {2012-09-07 15:52:59 -0700},
	Date-Modified = {2012-09-07 15:52:59 -0700},
	Eprint = {astro-ph/0602375},
	Journal = {Ann.Rev.Astron.Astrophys.},
	Pages = {415-462},
	Title = {Observational constraints on Cosmic Reionization},
	Url = {http://arxiv.org/abs/astro-ph/0602375},
	Volume = {44},
	Year = {2006},
	Bdsk-Url-1 = {http://arxiv.org/abs/astro-ph/0602375}}

@article{Righi:2008uq,
	Author = {Mattia Righi and Carlos Hernandez-Monteagudo and Rashid Sunyaev},
	Date-Added = {2012-09-07 14:35:31 -0700},
	Date-Modified = {2012-09-07 14:35:31 -0700},
	Eprint = {0805.2174},
	Month = {05},
	Title = {Carbon monoxide line emission as a CMB foreground: tomography of the star-forming universe with different spectral resolutions},
	Url = {http://arxiv.org/abs/0805.2174},
	Year = {2008},
	Bdsk-Url-1 = {http://arxiv.org/abs/0805.2174}}

@article{Lidz:2011fk,
	Author = {Adam Lidz and Steven R. Furlanetto and S. Peng Oh and James Aguirre and Tzu-Ching Chang and Olivier Dor{\'e} and Jonathan R. Pritchard},
	Date-Added = {2012-09-07 14:35:15 -0700},
	Date-Modified = {2012-09-07 14:35:15 -0700},
	Eprint = {1104.4800},
	Month = {04},
	Title = {Intensity Mapping with Carbon Monoxide Emission Lines and the Redshifted 21 cm Line},
	Url = {http://arxiv.org/abs/1104.4800},
	Year = {2011},
	Bdsk-Url-1 = {http://arxiv.org/abs/1104.4800}}
